2346 3043
187 159 235 195 12
883 159 1086 198 PLAUTI
1141 158 1472 198 BACCHIDES.

1057 279 1228 317 BAccnffi
1259 279 1305 318 A.

469 374 478 386 .
1010 332 1236 382 Lepidus’s.
1295 332 1329 371 N
1334 332 1411 372 sinc
1432 344 1505 381 ego
1525 335 1563 370 te
1586 331 1714 370 facero
1735 331 1809 370 hoc
1830 331 1942 370 volo:

455 388 544 447 121go
566 386 689 425 ¹§orori
711 387 822 425 meae
843 399 985 425 cenam
1006 387 1123 425 hodio
1142 387 1236 425 (hirc
1258 387 1350 426 uolo
1372 387 1561 425 uiziticam
1579 398 1586 430 ;

458 450 544 496 Ego
565 447 634 486 tibi
657 448 869 497 argentum
892 447 1008 487 iubeo
1028 448 1109 487 iam
1130 449 1241 487 int-us
1262 449 1402 488 ecferri
1424 448 1544 493 foras,

456 501 515 539 'sii
538 501 672 546 facito,
694 504 935 552 opsonzitum
958 501 1072 541 nobis
1094 502 1145 541 sit
1166 502 1403 552 opulentum
1425 501 1649 552 opsonium.

470 616 479 627 Ι
1039 575 1322 614 Pifflocmsszus.

456 629 545 680 131g0
566 627 793 677 opsonabo;
826 640 920 666 nam
942 628 981 667 id
1003 628 1203 678 flagitium
1226 629 1290 674 sit,
1313 642 1402 667 mea
1423 633 1460 667 te
1482 628 1613 677 grt'ttia
2124 629 2174 666 95

460 683 511 719 lit
531 693 692 731 operam
714 682 807 720 dare
830 681 929 720 mihi
950 687 989 721 et
1009 683 1058 721 ad
1077 695 1165 721 eam
1186 696 1347 732 operam
1370 683 1499 722 fucore
1521 686 1727 732 sumptum
1749 681 1796 720 (ἶρ
1817 685 1899 719 tuo.

469 794 479 807 ‚
1061 755 1233 794 BAcmfls
1264 757 1311 794 A.

458 810 510 845 At
530 819 602 857 ego
623 807 717 846 nolo
737 807 831 847 (hire
853 811 890 847 te
911 809 1139 859 quicquam.

1040 873 1323 914 PISTOCLERUS.

1128 928 1237 968 Sine.

1062 993 1235 1032 BAccnis
1264 993 1311 1031 A.
1816 1001 1840 1017 ·

1266 1047 1365 1086 Sino
1385 1047 1582 1097 equidem,
1606 1047 1638 1085 si
1658 1046 1782 1085 lubet.

458 1098 644 1149 Prbpera,
667 1099 824 1138 amabo.

1042 1154 1325 1193 PISTOCLERUS.

897 1208 1015 1247 Prius
1035 1208 1100 1247 hic
1121 1208 1252 1254 adero,
1274 1211 1396 1259 quiin]
1419 1213 1457 1247 te
1478 1220 1612 1247 amare
1632 1208 1828 1247 desinam.

1067 1281 1238 1319 BAccnls
1271 1282 1313 1320 S.

458 1332 567 1373 ane
588 1347 652 1373 me
672 1334 820 1385 accipis
841 1334 1137 1379 aduenientem,
1158 1336 1247 1374 mea
1268 1348 1391 1374 soror.

1067 1407 1238 1446 BAcmns
1268 1408 1315 1446 A.

1265 1461 1371 1509 Quid
1387 1462 1457 1509 ita,
1480 1461 1642 1502 obsecro
1656 1463 1674 1500 ἰ)

1064 1526 1236 1565 BAccnlS
1267 1527 1308 1566 S.

459 1579 563 1627 Quia
583 1581 760 1632 piscatus
780 1581 869 1620 meo
888 1580 1051 1632 quidem
1071 1580 1210 1632 animo
1228 1580 1293 1620 hic
1314 1580 1387 1620 tibi
1407 1581 1525 1620 hodie
1546 1581 1681 1620 euenit
1700 1579 1843 1619 bonus.
2104 1581 2181 1618 100

1065 1653 1238 1692 BAccms
1269 1653 1318 1692 A.

459 1706 575 1760 Meus
595 1707 663 1746 ille
682 1706 897 1757 quidemst.
956 1706 1045 1746 Tibi
1066 1719 1175 1746 nuno
1195 1720 1357 1757 operam
1377 1707 1481 1747 dabo
1502 1707 1549 1746 de
1570 1707 1834 1753 Mnesilocho,
1857 1719 1980 1753 soror,

460 1762 517 1800 Ut
536 1761 602 1801 hic
622 1761 794 1812 accipias
814 1761 948 1811 potius
968 1773 1112 1800 aurum
1133 1773 1254 1811 quam
1275 1761 1371 1801 hinc
1391 1774 1458 1801 eas
1478 1774 1570 1802 cum
1590 1762 1734 1800 milite.

1068 1831 1240 1871 BAccms
1273 1832 1314 1872 S.

460 1887 601 1939 Ciipio.

1066 1939 1237 1978 BAccnxs
1269 1939 1316 1978 A.

729 1993 901 2032 Dabitur
921 1994 1052 2044 opera.
1111 1993 1226 2043 Aqua.
1246 1993 1372 2040 calet;
1405 1994 1513 2033 intro
1531 2006 1684 2039 eamus,
1707 1993 1752 2033 iit
1771 1993 1906 2039 laues;

460 2049 494 2088 N
500 2051 565 2089 itm
587 2052 631 2088 ut
651 2049 692 2087 in
711 2048 807 2087 naui
829 2048 945 2087 uecta
964 2060 1018 2093 ce,
1041 2047 1171 2092 credo,
1193 2046 1337 2086 timida
1357 2059 1412 2087 es,

279 2211 331 2243 91.
353 2211 392 2242 A.
406 2210 444 2242 Β.
490 2210 622 2252 lepidus
638 2219 730 2242 nunc
747 2210 784 2242 C.
830 2210 992 2252 lepidus's
1008 2219 1100 2242 nunc
1118 2210 1298 2242 Meursius.
1344 2209 1477 2250 lepidus
1494 2218 1586 2241 nunc
1614 2184 1644 2201 es
1672 2209 1712 2241 B.
1758 2208 1891 2250 lepidus
1918 2177 1936 2201 f·
1958 2183 1987 2201 es
2024 2217 2116 2241 nunc
2140 2208 2183 2241 D.

191 2253 324 2295 lepidus
342 2263 376 2286 es
394 2263 487 2286 nunc
503 2255 639 2295 reliqui.
686 2263 746 2294 ego
765 2259 797 2286 te
813 2254 923 2286 facere
941 2255 1032 2286 libri.

279 2299 331 2329 92.
348 2306 467 2329 cenam
483 2297 584 2330 hodie
600 2297 700 2330 BGD.
747 2297 827 2330 dare
842 2298 881 2330 B.
929 2297 1002 2329 dari
1019 2298 1155 2338 reliqui.
1203 2298 1254 2330 93.
1279 2296 1353 2337 Ego
1371 2297 1463 2328 libri.
1499 2295 1608 2352 'iubeo
1627 2297 1717 2328 libri.
1764 2295 1882 2352 ecferri
1903 2295 1946 2328 D.
1993 2304 2030 2328 eo
2045 2295 2125 2328 terri
2141 2294 2182 2328 B.

192 2376 225 2406 et
239 2373 318 2406 ferri
332 2373 369 2406 C.
408 2374 519 2406 efferri
532 2375 669 2415 reliqui.
709 2375 761 2407 94.
785 2374 889 2406 facito
903 2377 1110 2415 opsonatum
1123 2373 1222 2405 nobis
1236 2373 1280 2405 sit
1293 2373 1332 2404 B.
1372 2372 1477 2404 facito
1492 2371 1590 2404 nobis
1601 2372 1807 2404 obsonatum
1821 2372 1866 2404 sit
1879 2371 1921 2404 D.
1967 2371 2072 2405 facito
2085 2371 2183 2404 nobis

192 2417 397 2449 obsenatum
414 2417 458 2449 sit
469 2417 506 2449 C.
544 2417 649 2449 facito
661 2417 705 2449 sit
719 2417 818 2449 nobis
829 2417 1034 2449 obsonatum
1048 2419 1183 2458 reliqui.
1223 2416 1271 2448 sic
1289 2417 1325 2447 Z.
1366 2415 1549 2457 opsonium
1560 2416 1599 2447 B.
1640 2415 1822 2448 obsonium
1834 2416 1971 2456 reliqui.
2009 2417 2063 2449 95.
2083 2415 2125 2447 G.
2142 2415 2183 2447 B.

191 2471 253 2493 om.
266 2463 403 2501 reliqui.
442 2461 516 2500 Ego
530 2461 704 2502 opsonabo
718 2461 757 2493 B.
796 2461 970 2493 obsanabo
985 2461 1021 2492 C.
1062 2460 1235 2492 obsonabo
1252 2461 1389 2501 reliqui.
1428 2459 1472 2491 sit
1486 2469 1601 2491 meum
1615 2459 1655 2490 B.
1695 2468 1809 2491 meum
1821 2459 1865 2491 sit
1876 2460 2012 2500 reliqui.
2052 2460 2183 2499 tegram

193 2505 230 2537 C.
269 2506 322 2538 96.
346 2504 433 2536 mihi
447 2506 538 2536 libri.
578 2507 630 2537 97.
655 2505 693 2536 A.
712 2505 752 2537 B.
798 2505 867 2536 BA.
882 2505 920 2536 F.
960 2504 1009 2536 Pi.
1029 2505 1065 2536 Z.
1105 2514 1165 2536 om.
1183 2503 1253 2536 CD.
1300 2503 1381 2536 dare
1393 2502 1471 2535 nolo
1489 2502 1569 2535 dare
1584 2503 1624 2534 B.
1664 2502 1860 2543 quicquam.
1878 2502 1920 2534 G.
1937 2501 2012 2535 sine
2028 2502 2068 2534 A.
2108 2502 2184 2534 sino

193 2564 349 2605 equidem
365 2564 406 2596 B.
446 2564 629 2604 quicquam
715 2564 788 2596 sine
873 2564 969 2596 sinoe
1043 2563 1180 2604 quidem
1197 2563 1234 2595 C.
1280 2563 1464 2604 quicquam
1540 2563 1615 2595 sine
1697 2546 1908 2603 sinequidem
1925 2561 1967 2594 D.
1989 2562 2184 2620 quicquam:

193 2624 277 2657 sine.
314 2625 385 2657 BA.
424 2624 500 2656 sino
516 2623 653 2664 quidem
669 2624 737 2656 FZ.
777 2627 829 2657 99.
853 2625 895 2657 E.
912 2625 951 2656 B.
991 2634 1046 2656 me
1059 2624 1186 2664 accipis
1204 2625 1295 2656 libri.
1334 2623 1374 2656 A.
1391 2623 1430 2656 B.
1472 2624 1544 2656 100.
1569 2623 1611 2655 Ε.
1627 2623 1667 2656 Β.
1708 2623 1780 2655 101.
1805 2623 1844 2654 A.
1861 2622 1901 2654 Β.
1940 2621 1997 2654 ille
2013 2620 2184 2662 quidemst

194 2685 231 2718 C.
277 2686 334 2718 ille
349 2669 530 2726 quidemst?
539 2685 581 2717 D.
633 2684 690 2716 ille
714 2684 850 2724 quidem
874 2686 924 2716 est
948 2684 1019 2716 BF.
1065 2683 1210 2716 mnesilo
1235 2683 1298 2715 cho
1322 2692 1417 2716 soror
1439 2683 1512 2715 BD.
1568 2682 1837 2715 mnesilochosor
1862 2681 1899 2714 C.
1952 2681 2026 2713 102.
2066 2681 2113 2713 Ut
2129 2680 2185 2713 hie

194 2729 341 2771 accipias
357 2729 473 2770 potius
489 2738 612 2761 aurum
631 2729 722 2760 libri.
768 2727 849 2760 hinc
865 2727 933 2760 FZ.
981 2728 1054 2760 103.
1093 2727 1136 2759 Ε.
1153 2727 1193 2759 Β.
1239 2727 1279 2758 A.
1297 2726 1337 2760 B.
1383 2735 1472 2766 aqua.
1489 2726 1580 2758 kalet
1596 2726 1636 2758 B.
1683 2735 1772 2766 aqua
1788 2725 1876 2758 calet
1891 2726 2028 2766 reliqui.

283 2773 356 2805 104.
402 2773 437 2804 in
454 2772 535 2804 naui
553 2771 675 2804 BCDb.
722 2771 803 2804 naui
821 2771 912 2803 CDa.
959 2773 1072 2803 uectes
1089 2771 1159 2804 OD.
1206 2772 1304 2803 uecta
1321 2780 1356 2803 es
1372 2770 1471 2802 BFZ.
1517 2770 1558 2801 E.
1576 2769 1616 2801 B.
