2346 3043
189 175 238 212 10
887 174 1090 213 PLAUTI
1142 174 1423 214 BACCIHDE
1433 175 1472 214 S.

458 279 614 342 s'bique
636 293 803 342 inponat
826 294 866 330 in
888 306 1055 332 manum
1077 294 1180 333 alius
1201 295 1301 332 nu'hi
1322 307 1393 345 pro
1413 299 1523 334 cestu
1544 294 1802 341 cantharum,

455 345 532 383 Prc'»
552 346 664 395 galea
687 347 909 396 scaphium.
933 361 1003 397 pro
1025 348 1173 399 insigni
1196 349 1247 387 sit
1268 348 1416 387 corolla
1437 348 1620 398 plectilis,

454 399 532 450 ljro
553 400 671 438 hasta
694 400 812 441 talus,
836 402 906 450 pr&
926 401 1049 441 lorica
1071 402 1274 441 malacum
1295 402 1451 452 capiam
1472 401 1655 452 pallium,

458 452 536 506 Isbi
556 453 657 491 mihi
679 467 750 503 pro
771 468 872 504 equo
893 455 1019 494 lectus
1039 455 1168 501 detur,
1192 457 1367 495 secu-tum
1388 469 1459 506 pro
1481 459 1593 495 scuto
1615 454 1798 494 adcubet.
2126 459 2178 498 70

455 510 591 557 Apage
612 520 635 546 a
655 519 732 553 me,
755 520 893 558 apage.

1059 563 1230 601 BAccms
1262 564 1310 601 A.

829 615 906 662 Ah,
930 616 1103 655 nimium
1125 617 1233 656 ferus
1253 629 1307 655 es.

1036 698 1320 737 P1s'rocLEnUS.

1203 751 1306 790 Mihi
1327 763 1430 791 sum.

1054 832 1226 872 BAccms
1257 833 1304 871 A.

1339 886 1660 926 Malacissandus
1680 899 1735 926 es.

452 926 650 988 liquidem
671 937 743 978 tibi
763 938 813 978 do
833 939 939 979 hanc
959 941 1134 990 (Spei-am.

1030 1021 1313 1061 PISTOCLERUS.

1071 1075 1123 1114 At
1145 1076 1317 1115 nimium
1338 1077 1512 1127 pretiosa
1532 1089 1573 1115 es
1594 1076 1788 1126 operaria.

1049 1156 1221 1197 BAccms
1253 1158 1300 1196 A.

447 1207 648 1247 Simulato
668 1221 732 1247 me
752 1210 902 1248 amare.

1028 1280 1314 1320 PISTOCLERUS.

894 1333 1043 1373 Utrum
1065 1348 1137 1385 ego
1158 1336 1262 1375 istuc
1283 1336 1398 1375 iccon
1419 1336 1660 1375 adsimulem
1680 1349 1732 1374 an
1754 1335 1883 1375 serio?

1046 1417 1218 1456 BAccms
1249 1418 1295 1456 A.

441 1467 558 1512 Heia,
580 1467 656 1506 hoc
677 1480 793 1518 agere
814 1469 977 1508 meliust
994 1483 1000 1509 :
1038 1471 1153 1510 miles
1173 1485 1295 1521 quom
1315 1472 1395 1512 huc
1415 1472 1618 1519 adueniat,
1641 1473 1679 1512 te
1700 1472 1792 1512 uolo

439 1520 504 1559 Me
526 1522 759 1572 amplexari.

1022 1578 1306 1619 PISTOCLERUS.

816 1630 922 1678 Quid
942 1644 988 1672 eo
1008 1633 1110 1671 mihi
1130 1646 1230 1684 opus
1250 1637 1310 1673 esf,
1324 1636 1342 1672 ‘2

1044 1713 1217 1754 BAccms
1248 1716 1296 1754 A.

1153 1768 1211 1819 ω
1233 1780 1299 1820 ine
1320 1784 1359 1820 te
1379 1780 1528 1826 uideai,
1550 1781 1656 1821 uolo.
2109 1784 2160 1823 75

442 1828 533 1869 Scio
553 1829 649 1880 quid
669 1843 757 1881 ago.

1023 1886 1308 1927 PISTOCLERUS.

766 1938 822 1978 Et
842 1939 907 1989 pel
928 1953 1000 1991 ego
1022 1942 1102 1981 scio
1122 1942 1217 1993 quid
1237 1943 1387 1982 metuo.
1449 1942 1527 1983 Sed
1546 1943 1641 1993 quid
1661 1943 1721 1982 ais
1734 1945 1753 1981 ἱ)

1039 2022 1211 2063 Bmcms
1241 2024 1288 2063 A.

1674 2078 1779 2126 Quid
1799 2081 1859 2122 est
1872 2080 1891 2118 ‘2

250 2255 303 2287 67.
336 2254 480 2296 inponat
503 2255 571 2287 BC.
630 2255 761 2288 incestu
786 2256 849 2288 Da.
893 2246 1032 2292 imam}
1055 2260 1090 2291 G.
1138 2260 1172 2291 in
1190 2270 1296 2292 manu
1315 2261 1351 2292 Z.
1398 2260 1631 2293 chantharum
1654 2261 1694 2293 B.
1752 2261 1805 2293 68.
1839 2269 1901 2301 pro
1924 2261 2022 2301 galea
2037 2260 2158 2294 Herm.

163 2307 319 2330 sea-uum
343 2298 406 2330 Da.
454 2300 595 2331 seatium
621 2299 713 2331 DbZ.
761 2300 893 2340 pectilis
917 2302 986 2334 BZ.
1052 2304 1104 2336 69.
1134 2306 1210 2335 asta
1233 2304 1301 2336 BC.
1348 2304 1440 2337 talus
1464 2305 1556 2337 libri.
1623 2305 1675 2338 70.
1699 2303 1757 2336 ubi
1781 2303 1866 2335 mihi
1891 2305 1983 2336 libri.
2030 2304 2087 2337 ubi
2110 2304 2159 2337 mi

163 2357 354 2389 Hermann.
400 2368 461 2398 pro
485 2368 572 2398 equo
598 2359 634 2390 Z.
682 2369 780 2398 preco
798 2360 867 2392 DF.
912 2347 976 2402 {co
1001 2362 1037 2394 C.
1085 2373 1206 2403 praeco
1222 2364 1263 2396 B.
1309 2364 1489 2396 accumbet
1512 2363 1585 2396 BD.
1631 2363 1834 2396 accumbent
1850 2363 1887 2395 G.
1933 2363 2074 2396 accubet
2089 2364 2157 2396 FZ.

165 2402 216 2433 71.
245 2410 322 2432 mea
339 2410 445 2441 apage
461 2401 561 2433 BCD.
619 2412 695 2434 ame
712 2412 818 2443 apage
833 2403 925 2436 BbC.
972 2415 1159 2447 ameapage
1171 2407 1233 2439 Ba.
1279 2407 1382 2439 amici
1398 2417 1483 2448 page
1498 2407 1538 2438 B.
1584 2407 1624 2439 A.
1638 2407 1683 2439 ah
1697 2407 1737 2439 B.
1784 2407 1829 2438 ah
1845 2407 1882 2438 ni
1897 2406 1940 2438 D.
1986 2406 2069 2440 Pist.
2087 2407 2157 2440 CD.

161 2444 190 2476 A
206 2444 246 2476 B.
293 2444 568 2477 Malacissandus
593 2445 630 2477 Z.
676 2446 933 2480 malacisandus
958 2450 1093 2490 reliqui.
1141 2452 1192 2483 72.
1232 2450 1302 2482 BA.
1319 2451 1358 2482 F.
1403 2461 1454 2482 om
1470 2450 1571 2483 BCD.
1617 2450 1704 2483 dabo
1729 2450 1767 2483 Z.
1814 2449 1860 2482 ah
1881 2450 1921 2482 B.
1967 2452 2002 2482 at
2019 2452 2156 2491 reliqui.

159 2508 277 2560 {ciosa
293 2530 330 2552 or
345 2520 498 2560 preciosa
522 2521 622 2553 BCD.
667 2531 702 2553 es
718 2532 836 2554 omnes.
897 2526 948 2557 73.
973 2526 1012 2558 A.
1029 2525 1070 2559 B.
1117 2501 1271 2559 similate
1294 2527 1334 2559 B.
1379 2536 1456 2559 mea
1472 2536 1566 2559 mare
1589 2526 1658 2560 CD.
1705 2528 1821 2560 utrum
1845 2535 1964 2559 verum
1979 2537 2017 2559 or
2031 2526 2156 2559 iterum

162 2596 198 2628 C.
245 2606 364 2628 uerum
390 2597 426 2628 Z.
473 2607 533 2637 ego
558 2597 646 2630 istuc
670 2597 766 2630 iocon
791 2599 995 2633 adsimulem
1020 2602 1120 2634 BCD.
1167 2603 1281 2635 istunc
1306 2603 1368 2635 Ba.
1393 2578 1586 2635 adsimilem
1612 2603 1654 2635 D.
1702 2604 1754 2636 74.
1792 2604 1832 2635 A.
1855 2603 1896 2635 B.
1943 2602 2031 2635 Heia
2054 2602 2156 2635 BCD.

161 2639 227 2671 Eia
258 2641 395 2680 reliqui.
463 2641 602 2673 meliust
634 2641 730 2673 BDb.
799 2644 921 2676 melius
957 2645 1037 2677 CDa
1070 2657 1142 2677 cum
1172 2648 1326 2687 reliquis.
1394 2657 1498 2687 quam
1532 2646 1621 2679 BCD
1652 2657 1724 2678 cum
1757 2647 1911 2687 reliquis.
1977 2655 2080 2686 quom
2114 2646 2154 2677 F.

162 2684 213 2715 75.
242 2692 318 2715 mea
335 2683 372 2714 C.
429 2683 479 2715 Pi.
496 2684 566 2716 BA.
592 2694 642 2716 om
666 2685 723 2716 CD
748 2696 820 2717 cum
844 2689 997 2729 reliquis.
1044 2689 1172 2721 G.A.B.
1217 2689 1299 2730 quid
1327 2699 1366 2722 eo
1388 2690 1512 2722 BCDb.
1557 2689 1639 2730 quid
1663 2699 1724 2731 ego
1747 2689 1812 2722 Da.
1857 2688 1994 2730 quidem
2017 2690 2155 2730 reliqui.

169 2725 255 2757 mihi
272 2735 357 2767 opus
381 2725 418 2758 C.
466 2726 552 2758 mihi
569 2737 654 2769 opus
671 2731 722 2759 est
737 2728 799 2776 BD
815 2740 887 2762 cum
902 2733 1054 2772 reliquis.
1101 2733 1140 2765 A.
1164 2733 1205 2765 B.
1272 2733 1324 2766 76.
1353 2733 1429 2767 Scio
1446 2733 1528 2774 quid
1551 2743 1627 2774 ago.
1651 2733 1694 2766 G.
1717 2735 1750 2765 et
1773 2733 1830 2774 pol
1857 2742 1917 2773 ego
1940 2732 1980 2765 B.
2027 2732 2068 2765 G.
2092 2743 2154 2765 om.

160 2777 230 2809 CD.
277 2777 327 2810 Pi.
343 2779 480 2819 reliqui.
534 2778 616 2818 quid
632 2779 700 2811 BC.
762 2774 811 2820 qd*
822 2782 863 2814 D.
912 2782 1001 2823 quod
1017 2785 1155 2824 reliqui.
1208 2783 1290 2824 quid
1306 2786 1423 2817 metuo
1437 2794 1557 2817 omnes.
1602 2785 1642 2817 A.
1659 2783 1700 2816 Β.
