2346 3043
1028 180 1247 219 PLAUTU
1256 181 1296 219 S.
2074 176 2153 215 xvii

169 301 434 342 translatione
468 303 720 345 conservant,
760 312 881 350 quam
919 299 1131 339 veritatem
1164 297 1535 347 interpretationis?
1582 326 1589 334 .
1633 326 1640 334 .
1693 326 1700 334 .
1746 295 1887 345 Itaque
1925 295 2046 333 miser
2084 307 2156 344 ego

169 356 346 395 lecturus
367 355 544 393 Tullium
570 353 817 405 jejunabam.
876 353 972 391 Post
1001 353 1181 392 noctium
1208 351 1366 391 crebras
1395 351 1565 399 vigilias,
1588 352 1676 399 post
1702 350 1901 393 lacrimas,
1929 361 2028 398 quas
2056 348 2156 385 mihi

169 409 464 460 praeteritorum
493 408 714 447 recordatio
740 410 995 457 peccatorum
1019 420 1066 445 ex
1089 406 1183 445 imis
1212 405 1431 444 visceribus
1461 404 1637 448 eruebat,
1660 403 1828 441 Plautus
1857 402 2088 440 sumebatur
2114 402 2156 439 in

170 475 317 502 manus
339 463 413 514 (St.
435 462 612 513 Jerome).

277 515 408 555 Audio
440 518 631 565 praeterea
664 517 703 553 te
736 514 933 564 quaedam
967 515 1013 552 de
1047 513 1217 563 epistola
1245 525 1335 551 mea
1368 510 1642 561 philosophice
1673 522 1845 559 carpere,
1878 512 1917 547 et
1950 508 2156 547 hominem

170 582 325 620 rugosae
359 569 504 608 frontis
533 568 772 618 adductique
807 567 1007 617 supercilii
1038 567 1229 605 Plautino
1260 566 1302 604 in
1335 578 1400 604 me
1435 565 1516 603 sale
1545 564 1694 609 ludere,
1722 576 1767 602 eo
1800 563 1905 613 quod
1936 562 2157 600 Barrabam

171 624 196 662 J
199 624 382 662 udaecum
401 622 570 661 dixerim
590 624 874 672 praeceptorem
894 634 1030 659 meum
1053 621 1127 672 (St.
1151 620 1327 671 Jerome).

278 677 448 716 Plautus
477 689 525 715 ex
554 675 724 714 Umbria
757 675 943 714 Sarsinas
963 675 1102 713 Rom-ae
1122 674 1304 719 moritur,
1327 672 1395 722 qui
1422 674 1581 721 propter
1610 683 1782 709 annonae
1811 669 2087 708 difficultatem
2108 668 2158 706 ad

171 730 300 770 molas
325 730 557 768 manuarias
588 729 729 779 pistori
764 741 804 767 se
835 728 1035 767 locaverat
1064 728 1131 773 ibi,
1157 727 1312 777 quoties
1339 726 1388 764 ab
1415 738 1531 775 opere
1560 727 1753 769 vacasset,
1783 723 1952 762 scribere
1982 722 2158 760 Fabulas

172 784 316 824 solitus
344 787 383 823 et
406 783 576 822 vendere
617 812 624 820 .
668 812 676 821 .
719 812 727 821 .
767 782 873 831 quod
899 782 1060 832 quidem
1089 785 1128 820 et
1153 781 1332 818 Tullium
1357 780 1398 817 in
1429 780 1649 828 Protagora
1678 778 1872 822 Platonis,
1900 780 1938 815 et
1964 776 2005 813 in
2037 776 2156 814 Oeco-

171 838 330 877 nomico
356 837 651 886 Xenophantis,
679 839 718 874 et
747 835 1034 874 Demosthenis
1060 838 1200 874 contra
1224 834 1464 872 Aeschinem
1494 833 1672 871 oratione
1702 832 1841 869 fecisse
1868 829 2157 874 convincimus,

173 894 212 931 et
245 891 450 937 Plautum,
480 890 726 936 Terentium,
758 889 1042 939 Caeciliumque
1071 888 1366 927 eruditissimos
1396 887 1503 925 viros
1527 887 1569 923 in
1600 885 1750 924 Graecis
1782 884 1995 923 Comoediis
2029 887 2158 922 trans-

174 945 348 984 ferendis
369 944 444 995 (St.
467 944 644 995 Jerome).

282 998 385 1037 Cum
414 998 464 1036 ad
497 998 595 1036 haec
625 997 764 1036 omnia
795 1009 883 1046 quae
916 1009 1035 1045 supra
1068 995 1256 1039 diximus,
1282 994 1402 1032 etiam
1435 993 1535 1031 illud
1569 992 1751 1036 addatur,
1781 990 1848 1029 ubi
1880 994 2008 1030 cessat
2041 1002 2159 1028 omne

174 1054 463 1097 commentum,
484 1051 589 1101 quod
615 1051 657 1088 in
684 1050 925 1089 monasteris
952 1050 1105 1099 positus
1132 1049 1173 1086 in
1201 1048 1440 1087 Bethlehem
1467 1050 1560 1084 ante
1580 1059 1661 1084 non
1682 1045 1810 1083 multo
1831 1048 2007 1094 tempore
2028 1047 2160 1093 partes

174 1106 460 1156 grammaticas
493 1108 682 1143 executus
717 1104 782 1150 sit,
816 1107 854 1142 et
888 1104 1098 1141 Maronem
1133 1115 1250 1141 suum
1286 1101 1547 1150 Comicosque
1578 1112 1623 1138 ac
1657 1099 1822 1149 Lyricos
1860 1102 1898 1136 et
1937 1097 2161 1136 Historicos

175 1162 357 1198 auctores
377 1158 536 1197 traditis
557 1158 630 1196 sibi
648 1158 697 1196 ad
717 1157 953 1196 discendum
974 1157 1048 1195 Dei
1064 1157 1250 1195 timorem
1271 1155 1404 1204 pueris
1420 1153 1642 1203 exponebat
1665 1153 1843 1202 (Rufinus
1860 1160 1893 1189 tv
1914 1152 1969 1189 St.
1984 1151 2159 1201 Jerome).

283 1213 452 1259 Quaero,
475 1212 508 1251 si
532 1212 594 1251 vel
619 1212 787 1250 Flaccus
811 1214 917 1257 tuus,
946 1214 1016 1248 aut
1041 1210 1167 1255 Maro,
1195 1210 1227 1247 si
1253 1209 1422 1247 Plautus
1450 1207 1635 1246 Comicus
1662 1210 1731 1244 aut
1756 1205 1965 1243 Terentius
1989 1207 2105 1249 certe,
2129 1204 2161 1242 si

175 1269 245 1305 aut
268 1266 463 1306 Satiricus
482 1266 585 1315 quis,
608 1268 674 1304 ὥσ.
699 1266 877 1317 (Rufinus
899 1272 933 1302 to
956 1265 1012 1301 St.
1035 1264 1210 1313 ,set-ame.)

286 1319 365 1365 Sic,
393 1320 489 1358 dum
514 1322 622 1358 totus
652 1319 850 1357 Plautinae
878 1322 916 1356 et
944 1317 1141 1355 Tullianae
1166 1316 1278 1366 cupis
1305 1315 1539 1364 eloquentiae
1571 1316 1741 1353 sectator
1767 1312 1903 1356 videri,
1932 1311 2080 1350 oblitus
2108 1323 2161 1356 es,

174 1374 374 1423 quomodo
394 1373 611 1423 Apostolus
631 1385 793 1411 omnem
814 1372 1053 1415 Ecclesiam,
1078 1374 1142 1409 &a
1167 1370 1346 1421 (Rufinus
1368 1377 1402 1405 ta
1426 1372 1482 1405 St.
1504 1370 1679 1417 εῙιηὉυιυ).

282 1427 386 1465 Puto
406 1427 512 1476 quod
532 1439 629 1476 puer
648 1426 791 1475 legeris
811 1426 930 1475 Aspri
950 1425 992 1462 in
1013 1424 1230 1473 Virgilium
1251 1427 1289 1461 et
1312 1422 1551 1462 Sallustium
1574 1419 1907 1463 Commentarios,
1930 1417 2100 1456 Volcatii
2121 1417 2162 1454 in

176 1480 389 1519 Orationes
410 1480 626 1525 Ciceronis,
655 1479 854 1518 Victorini
883 1479 925 1516 in
956 1479 1146 1526 Dialogos
1176 1478 1276 1527 ejus,
1303 1480 1340 1514 et
1370 1477 1411 1513 in
1443 1475 1618 1513 Terentii
1649 1473 1874 1512 Comoedias
1904 1471 2163 1520 Prfeceptoris

175 1534 255 1573 mei
285 1534 449 1579 Donati,
481 1547 590 1583 aeque
624 1533 666 1570 in
697 1533 925 1582 Virgilium,
957 1536 995 1570 et
1029 1531 1201 1569 aliorum
1227 1531 1269 1567 in
1303 1530 1416 1572 alios,
1448 1529 1651 1571 Plautum,
1684 1527 1930 1570 Lucretium,
1957 1525 2160 1568 Flaccum,

175 1587 372 1633 Persium,
394 1591 513 1637 atque
534 1588 759 1625 Lucanum.
818 1588 951 1635 Argue
972 1586 1217 1633 Interpretes
1238 1596 1388 1627 eorum,
1407 1595 1527 1632 quare
1548 1595 1628 1619 non
1647 1594 1769 1618 unam
1790 1578 2161 1628 interpretationem

177 1642 301 1680 secuti
323 1641 417 1684 sint,
439 1645 477 1679 et
497 1641 539 1678 in
560 1641 697 1679 eadem
719 1653 760 1678 re
781 1640 875 1688 quid
891 1639 954 1677 vel
975 1638 1048 1676 sibi
1064 1638 1127 1675 vel
1147 1638 1237 1675 aliis
1253 1637 1447 1681 videatur,
1465 1639 1700 1673 enumerent
1719 1635 1896 1685 (Rufinus
1917 1641 1950 1669 to
1967 1632 2161 1682 Domm‘o).

283 1694 503 1744 Indignum
537 1694 720 1732 videlicet
755 1694 844 1738 fuit,
881 1696 925 1731 ut
957 1692 1125 1729 Plautus
1155 1694 1224 1729 aut
1257 1690 1418 1728 Naevius
1450 1689 1592 1727 Publio
1619 1692 1656 1726 et
1691 1688 1824 1726 Cnaeo.
1867 1684 2058 1735 Scipioni,
2094 1688 2163 1722 aut

177 1747 361 1787 Caecilius
388 1748 444 1786 M.
460 1748 603 1787 Catoni
617 1747 871 1786 malediceret
888 1760 895 1791 ;
927 1750 965 1784 et
986 1746 1154 1795 dignum
1175 1745 1251 1782 fuit
1272 1748 1316 1782 ut
1338 1744 1548 1781 Terentius
1566 1746 1694 1780 vester
1715 1740 1869 1789 flagitio
1891 1740 1914 1777 J
1918 1739 2002 1778 ovis
2022 1738 2163 1787 optimi

175 1802 491 1841 adolescentium
511 1801 732 1851 nequitiam
753 1800 972 1839 concitaret
996 1800 1070 1850 (St.
1092 1800 1301 1847 Augsustine
1321 1798 1377 1834 De
1401 1798 1562 1835 Cir-itate
1582 1797 1686 1844 Dei).

391 1883 480 1929 Qua
504 1882 668 1931 Crispus
695 1881 890 1919 brevitate
920 1880 1063 1930 placet,
1092 1892 1170 1928 quo
1194 1878 1367 1928 pondere
1397 1877 1537 1921 Varro,

392 1936 479 1983 Quo
510 1937 628 1986 genio
655 1935 837 1980 Plautus,
863 1947 941 1984 quo
966 1934 1133 1972 flumine
1162 1931 1458 1979 Quintilianus!
1493 1931 1691 1981 (Sidonius
1719 1927 1990 1978 Apollinaris.)

391 2043 447 2082 Et
477 2046 528 2088 te,
558 2045 736 2092 tempore
763 2041 830 2092 qui
863 2045 974 2079 satus
1005 2053 1140 2079 severo

392 2097 550 2142 Graios,
583 2096 738 2141 Plaute,
771 2095 874 2134 sales
900 2095 1033 2144 lepore
1063 2093 1212 2132 transis
1241 2092 1440 2143 (Sidonius
1470 2089 1742 2140 Apollinaris).

284 2176 344 2214 De
373 2188 541 2213 numero
575 2174 769 2213 librorum
798 2173 911 2211 nulla
942 2173 1006 2211 hic
1035 2171 1203 2221 quaestio
1233 2174 1305 2215 est,
1332 2170 1423 2208 licet
1458 2169 1499 2205 in
1531 2168 1621 2205 aliis
1651 2166 1879 2204 inveniatur
1912 2163 2161 2207 auctoribus3

177 2241 273 2267 nam
313 2229 505 2267 Plautum
548 2228 617 2266 alii
660 2228 800 2266 dicunt
845 2227 1048 2276 scripsisse
1093 2224 1268 2262 Fabulas
1306 2222 1451 2272 viginti
1493 2234 1628 2267 unam,
1670 2220 1737 2258 alii
1776 2218 2054 2269 quadraginta,
2095 2216 2163 2254 alii

178 2285 340 2322 centum
362 2282 565 2333 (Servius).

285 2335 460 2374 Fabulas
489 2338 614 2385 poetae
643 2334 837 2384 quasdam
867 2332 1091 2371 delectandi
1120 2344 1240 2370 causa
1269 2330 1486 2374 finxerunt,
1517 2327 1711 2377 quasdam
1742 2326 1791 2364 ad
1820 2328 1986 2363 naturas
2014 2335 2161 2367 rerum,

177 2389 396 2428 nonnullas
425 2389 475 2427 ad
503 2401 635 2427 mores
655 2388 867 2426 hominum
896 2385 1149 2435 interpretati
1180 2388 1286 2422 sunt.
1346 2382 1581 2420 Delectandi
1603 2393 1723 2419 causa
1752 2380 1879 2423 fictas,
1902 2382 1946 2416 ut
1973 2390 2039 2416 eas
2065 2389 2163 2426 quas

177 2443 298 2492 vulgo
318 2442 470 2487 dicunt,
492 2442 554 2480 vel
573 2455 673 2491 quas
694 2442 863 2479 Plautus
883 2444 921 2478 et
944 2440 1154 2478 Terentius
1175 2440 1486 2486 composuerunt
1509 2435 1690 2486 (Isidore,
1717 2432 1916 2481 Origsz‘nes).

285 2496 478 2534 Plautum
511 2495 768 2534 emendatum
807 2495 901 2532 dare
935 2507 1016 2531 non
1051 2492 1247 2543 cujusvis;
1290 2493 1329 2528 et
1363 2491 1478 2540 cujus
1513 2492 1584 2533 est,
1621 2489 1707 2538 ejus
1734 2490 1772 2525 et
1802 2498 1949 2535 magna
1983 2484 2070 2521 laus
2104 2486 2163 2520 est

181 2550 335 2602 (Joseph
363 2550 559 2598 Scalz‘gser).

286 2602 389 2641 Mihi
418 2603 621 2641 decretum
651 2604 723 2647 est,
755 2602 851 2639 dum
881 2601 1006 2638 literae
1037 2603 1075 2638 et
1105 2601 1211 2637 artes
1240 2597 1354 2635 bonae
1384 2595 1597 2639 florebunt,
1627 2593 1811 2632 floridam
1843 2604 1996 2641 semper
2026 2602 2163 2628 eorum

179 2655 331 2694 famam
365 2656 556 2702 futuram,
587 2655 655 2706 qui
688 2655 729 2693 in
764 2654 964 2692 Plautinis
996 2653 1174 2697 Fabulis,
1211 2651 1434 2693 Musarum,
1468 2652 1510 2686 ut
1537 2652 1689 2686 veteres
1724 2651 1761 2684 et
1790 2645 1955 2683 minime
1991 2642 2162 2692 suspecti

178 2710 329 2760 judices
354 2709 555 2755 volebant,
583 2708 738 2758 eloquio
768 2707 1059 2758 comparandis,
1087 2705 1265 2744 studium
1295 2708 1333 2742 et
1362 2702 1604 2741 industriam
1635 2713 1747 2739 suam
1777 2702 1995 2749 posuerunt
2018 2698 2162 2749 (Lectus

180 2764 240 2801 Pa
245 2763 410 2815 tamnus)
418 2793 427 2802 .
