2346 3043
880 167 983 206 AC'I'
1024 168 1102 206 ΠΙ.
1190 170 1367 209 SCENE
1410 171 1480 210 IV.
2122 179 2170 215 35

509 285 569 324 Ne
589 285 658 325 illa
676 286 776 324 fflud
796 286 928 326 hercle
948 286 1041 326 cum
1061 288 1169 327 malo
1189 288 1283 328 fecit
1304 301 1390 329 suo.
2096 295 2173 333 500

509 339 614 378 Nam
634 339 736 377 mihi
755 339 884 378 diuini
904 339 1127 390 numquam
1147 342 1360 392 quisquam
1381 343 1556 391 creduat,

509 392 561 430 Ni
581 405 653 443 ego
673 393 786 432 illam
807 394 999 444 exemplis
1019 394 1218 444 plin-umis
1238 396 1434 446 planeque
1454 410 1559 437 amo.

509 445 598 496 Ego
618 446 711 486 faxo
731 447 840 485 haud
859 447 964 486 dicet
984 450 1146 487 nactam
1166 461 1285 498 quem
1306 450 1520 496 deluserit;

507 499 612 538 Nam
633 500 714 538 iam
735 501 900 539 domum
919 500 984 540 ibo
1004 504 1123 551 atque
1144 503 1295 552 aliquid
1317 503 1531 554 surripiam
1552 504 1679 554 patri3

508 552 556 591 Id
575 553 644 592 isti
663 553 779 593 dabo.
836 554 926 604 Ego
946 555 1076 594 istanc
1096 555 1237 594 multis
1258 557 1428 596 ulciscar
1447 558 1591 597 modis.
2096 562 2170 599 505

507 606 617 646 Adeo
637 620 709 657 ego
728 607 841 646 illam
862 620 1002 658 cogam
1023 621 1148 658 usque
1168 609 1213 648 ut
1233 610 1434 650 mendicet
1454 612 1568 650 meus
1587 614 1709 662 pater.

510 659 588 699 Sed
609 661 738 700 satine
759 674 831 711 ego
851 663 1033 700 animum
1054 664 1189 702 niente
1210 663 1365 702 sincera
1385 677 1491 714 gero,

509 713 586 760 Qui
606 714 655 752 ad
675 714 785 754 hunc
804 716 970 754 modum
990 716 1089 755 haec
1108 717 1186 762 hic,
1208 720 1309 767 quae
1331 717 1480 763 futura,
1503 717 1662 758 fabulor
1676 720 1694 757 ἰ)

508 766 610 806 Α1110
631 768 763 808 hercle
784 769 915 818 opino,
939 772 983 808 ut
1003 770 1093 819 pote
1114 771 1220 820 quod
1240 783 1311 821 pro
1331 773 1438 811 certo
1460 772 1596 811 sciam.

509 820 662 859 Uerum
682 834 804 872 quam
824 822 894 861 illa
914 836 1107 873 umquam
1127 824 1175 862 de
1194 837 1284 863 mea
1304 824 1472 875 pecunia
2095 828 2173 866 510

509 874 710 914 Ramenta
728 875 799 914 fiat
819 876 981 925 plumea
1000 878 1247 926 propensior,

509 927 741 967 Mendicum
762 930 903 968 malim
923 931 1190 970 mendicando
1210 931 1382 970 uincere.

508 981 740 1032 Numquam
761 983 899 1033 edepol
919 984 1016 1022 uiua
1035 997 1098 1022 me
1119 984 1333 1031 inridebit;
1365 988 1461 1024 nam
1480 986 1581 1024 mihi

507 1035 764 1075 Decretumst
784 1040 1042 1076 renumerare
1061 1038 1142 1076 iam
1164 1051 1282 1077 omne
1302 1039 1446 1077 aurum
1468 1040 1585 1089 patri.

507 1088 638 1139 Igitur
657 1090 758 1128 mihi
778 1090 890 1129 inani
910 1094 1029 1141 atque
1046 1092 1156 1141 inopi
1178 1092 1501 1132 subblandibitur
2094 1096 2169 1133 515

507 1142 611 1181 Tum
632 1144 753 1194 quom
773 1144 901 1183 nihilo
922 1145 1047 1195 pluris
1068 1144 1242 1183 blandiri
1262 1146 1418 1192 referet,

507 1195 638 1242 Quam
659 1197 693 1236 si
714 1197 764 1236 ad
786 1198 1013 1247 sepulcrum
1034 1200 1192 1238 mortuo
1213 1199 1319 1239 dicat
1340 1200 1460 1239 iocos.

508 1250 587 1290 Sed
607 1250 743 1289 autem
763 1264 885 1301 quam
904 1252 975 1290 illa
994 1255 1188 1302 umquam
1209 1253 1309 1292 meis
1329 1253 1544 1304 opulentiis

504 1304 705 1344 Ramenta
724 1305 796 1344 fiat
817 1306 978 1355 grauior
998 1309 1068 1344 aut
1088 1307 1334 1356 propensior,

505 1357 611 1397 Mori
631 1358 739 1397 mala
759 1372 822 1397 me
842 1359 984 1398 malim
1005 1361 1278 1399 excruciatum
1298 1361 1446 1411 inopia.
2093 1363 2170 1401 520

505 1411 690 1451 Profecto
712 1411 893 1451 stabilest
913 1414 977 1452 me
997 1414 1101 1463 patri
1122 1427 1267 1452 aurum
1287 1415 1462 1454 reddere.

505 1465 660 1504 Eadem
682 1466 865 1512 exorabo,
889 1466 1084 1517 Chrysalo
1105 1469 1227 1506 causa
1246 1481 1336 1506 mea

504 1518 624 1558 Pater
640 1531 690 1558 ne
710 1523 852 1559 noceat
872 1520 950 1558 11911
970 1520 1066 1570 quid
1087 1521 1121 1559 ei
1143 1522 1386 1567 suscenseat,

504 1572 596 1611 Mea
616 1572 737 1612 causa
757 1573 804 1612 de
825 1586 922 1612 auro
942 1574 1047 1623 quod
1067 1587 1159 1613 eum
1179 1575 1412 1614 ludificatus
1433 1578 1506 1614 est.

504 1625 609 1665 Nam
630 1627 666 1666 91
686 1628 895 1677 aequomst
914 1640 978 1666 1119
999 1627 1218 1674 consulere,
1241 1629 1309 1678 qui
1329 1631 1450 1668 causa
1470 1641 1560 1667 mea
2090 1630 2165 1668 525

505 1679 765 1720 Mendacium
785 1681 821 1720 91
841 1681 955 1720 dixit.
1014 1681 1098 1721 Uos
1118 1695 1182 1720 me
1203 1682 1430 1732 sequimini.

268 1858 343 1891 500.
374 1858 435 1890 NE
460 1858 490 1890 A
512 1868 584 1890 cum
606 1860 748 1900 reliquis
794 1858 853 1891 illa
878 1858 963 1890 illud
986 1858 1099 1891 hercle
1120 1859 1222 1893 BCD.
1276 1860 1352 1892 ILL
1378 1885 1384 1893 .
1412 1884 1419 1892 .
1446 1885 1452 1891 .
1478 1860 1662 1907 HERGLE
1687 1860 1726 1891 A.
1772 1860 1907 1908 FECIT
1930 1860 1969 1891 A.
2017 1860 2102 1892 SUO
2127 1861 2166 1892 A.

183 1926 246 1949 suo
269 1927 345 1949 meo
367 1917 468 1949 BCD.
523 1918 597 1949 502.
629 1917 679 1949 NI
705 1918 754 1958 (or
776 1916 819 1957 E)
845 1917 884 1949 A.
930 1917 1166 1950 EXEMPLIS
1189 1919 1229 1951 A.
1274 1919 1443 1959 plurumis
1466 1919 1564 1951 ABG.
1611 1921 1684 1951 503.
1709 1920 1806 1951 HAU
1829 1920 1869 1950 A.
1914 1919 2007 1951 haud
2030 1921 2166 1960 reliqui.

185 1960 372 1993 NACTAM
401 1961 441 1992 A.
501 1960 766 1993 DELUSERIT
797 1961 836 1992 A.
897 1960 1048 1993 derideat
1078 1963 1215 2003 reliqui.
1276 1963 1386 1995 504-6.
1424 1962 1522 1994 NAM
1553 1962 1637 1994 IAM
1668 1963 1837 1995 DOMUM
1867 1962 1945 1995 IBO
1975 1963 2074 2003 ATQ'
2105 1962 2166 2012 IJT

183 2018 425 2052 MENDICET
456 2020 583 2053 MEUS
614 2020 764 2051 PATER
793 2020 832 2051 A.

270 2063 344 2095 504.
374 2062 464 2095 “Jibo
494 2063 671 2095 &domum
687 2063 729 2094 D.
784 2062 973 2103 subripiam
989 2063 1056 2095 FZ.
1118 2064 1191 2096 505.
1221 2064 1365 2097 ulciscar
1380 2064 1410 2096 10
1427 2075 1442 2096 e
1460 2074 1542 2097 corr.
1560 2065 1600 2096 Β.
1663 2066 1735 2097 506.
1762 2066 1886 2105 ')pater
1910 2066 1928 2094 ·)
1944 2075 2040 2097 meus
2056 2065 2084 2096 B
2103 2075 2164 2105 my.

182 2138 256 2172 507.
282 2139 401 2172 Satine
425 2139 576 2171 ABCDa.
627 2139 718 2171 satin
742 2139 802 2171 Dc.
858 2140 931 2171 508.
957 2139 1022 2179 Qui
1046 2114 1158 2172 adhiic
1181 2140 1221 2172 B.
1271 2140 1445 2180 quiahunc
1468 2150 1505 2173 or
1528 2140 1702 2180 quidhunc
1725 2142 1788 2173 Da.
1837 2142 1910 2174 509.
1936 2143 2054 2181 utpote
2076 2141 2166 2180 quod

180 2208 242 2239 pro
268 2181 360 2231 certo
392 2200 472 2231 libri
499 2209 571 2231 cum
601 2199 641 2231 A.
700 2199 803 2238 opino
834 2198 885 2230 W.
948 2199 1022 2231 511.
1053 2199 1277 2231 RAMENDA
1307 2201 1346 2232 A.
1415 2200 1521 2231 FIAT
1552 2201 1580 2232 A
1610 2200 1694 2232 with
1724 2200 1783 2232 the
1813 2203 1893 2232 rest.
1963 2199 2094 2240 plumis
2127 2200 2164 2232 Z.

181 2241 470 2276 PROPENSIOR
488 2242 528 2274 A.
574 2243 648 2274 512.
674 2241 924 2290 MENDICUM
944 2242 983 2273 A.
1030 2242 1334 2291 MENDICANDO
1354 2244 1393 2275 A.
1440 2243 1644 2275 UINCERE
1665 2244 1705 2276 A.
1751 2245 1825 2276 513.
1850 2243 1932 2276 uiua
1947 2253 2001 2275 me
2016 2243 2166 2275 ABcCD.

181 2301 263 2333 uiua.
292 2301 356 2334 Ba.
422 2300 582 2333 inridebit
613 2301 684 2333 AB.
758 2301 912 2332 irridebit
942 2303 1080 2342 reliqui.
1148 2303 1222 2334 514.
1254 2302 1459 2334 decretumst
1487 2302 1523 2334 C.
1591 2302 1764 2334 decretum
1791 2305 1842 2334 est
1870 2304 1994 2343 reliqui
2025 2312 2097 2334 cum
2126 2302 2165 2333 A.

181 2353 397 2377 remunerare
427 2344 465 2377 C.
533 2344 701 2377 OMNEM
732 2345 772 2376 A.
851 2345 925 2377 515.
957 2344 1121 2376 IGITUR
1151 2346 1190 2377 A.
1265 2345 1358 2384 gitur
1389 2345 1425 2377 C.
1503 2345 1612 2376 MIHI
1644 2347 1723 2377 libri
1753 2345 1822 2377 and
1851 2346 1891 2377 A.
1966 2345 2096 2377 INANI
2126 2345 2165 2376 A.

182 2395 433 2453 subblaldibitur
468 2421 510 2453 B.
582 2422 657 2453 516.
703 2420 1760 2470 'I'UMCUMNIEIILOPLURISMIHIBLANDIRIREFERT
1797 2422 1836 2452 A.
1903 2421 2050 2452 blandiri
2087 2421 2166 2453 Uss.

181 2479 271 2512 Tum
294 2489 373 2513 eum
396 2480 484 2512 mihi
506 2480 617 2512 nihilo
639 2480 748 2521 pluris
771 2480 894 2512 referet
918 2481 1055 2520 reliqui.
1101 2489 1205 2519 quom
1227 2480 1266 2511 F.
1311 2479 1441 2511 nichilo
1465 2480 1506 2511 D.
1553 2481 1627 2512 517.
1652 2480 1847 2520 sepulcrum
1863 2480 1903 2511 B.
1950 2479 2166 2519 sepulchrum

180 2525 308 2564 reliqui
324 2534 397 2556 cum
412 2524 452 2555 A.
507 2524 598 2555 dieat
622 2525 714 2555 libri.
768 2523 902 2555 IOCOS
925 2523 964 2554 A.
1019 2522 1130 2554 iocom
1146 2524 1281 2563 reliqui.
1337 2523 1411 2554 520.
1436 2522 1523 2554 Mori
1540 2532 1594 2553 me
1610 2523 1729 2554 malim
1752 2523 1914 2554 BGDFZ.
1970 2522 2057 2554 Mori
2075 2522 2167 2553 mala

180 2575 235 2598 me
251 2566 371 2598 malim
386 2566 589 2599 Lambinus.
636 2567 710 2598 521.
736 2565 987 2614 S'JgABILEST
1011 2565 1050 2596 A.
1097 2565 1219 2597 stabile
1234 2568 1285 2597 est
1301 2567 1439 2606 reliqui.
1484 2565 1619 2614 PA'I'RI
1637 2566 1675 2596 A.
1722 2575 1821 2597 arum
1839 2565 1875 2597 C.
1922 2567 1995 2597 522.
2020 2564 2166 2596 chrisalo

179 2624 281 2657 BCD.
333 2635 438 2657 causa
460 2626 489 2656 A
512 2634 584 2656 cum
606 2626 757 2666 reliquis.
810 2625 908 2674 MEA
931 2624 971 2656 A.
1029 2625 1103 2656 523.
1130 2623 1160 2655 ei
1182 2624 1283 2656 BCD.
1337 2624 1398 2656 EO
1421 2625 1461 2656 A.
1507 2626 1702 2656 suscenseat
1725 2624 1855 2656 ABGD.
1906 2625 2104 2656 succenseat
2126 2623 2165 2655 F.

181 2684 463 2760 subcegffleaggffl
483 2728 533 2759 EI
555 2728 595 2759 A.
641 2727 692 2759 illi
714 2727 815 2759 BCD.
862 2730 1042 2768 aequumst
1059 2725 1128 2756 CD.
1175 2735 1300 2765 equum
1324 2728 1355 2757 st
1378 2726 1417 2756 B.
1464 2726 1747 2765 AEQUOMEST
1770 2726 1808 2757 A.
1855 2727 1928 2757 526.
1955 2724 2166 2757 Mendatium

183 2769 225 2802 B.
279 2770 328 2802 ID
353 2780 391 2803 or
413 2771 463 2802 EI
489 2771 528 2803 A.
553 2781 614 2803 om.
642 2772 780 2810 reliqui.
835 2770 901 2801 ΜΕ
929 2771 968 2800 A.
1025 2768 1341 2801 PISTOCLERUS
1371 2768 1670 2800 ADOLESCENS
1700 2769 1740 2799 B.
1793 2779 1855 2800 om.
1881 2768 1949 2800 CD.
2004 2776 2102 2808 space
2126 2768 2166 2798 A.
