2346 3043
848 153 950 192 ACT
994 154 1064 191 IV.
1153 154 1330 193 SCENE
1376 157 1491 195 VIII.
2109 160 2156 197 61

448 272 491 312 Si
511 274 593 311 nen
614 276 686 318 est,
709 273 813 311 nolis
834 274 919 311 esse
939 286 1067 322 neque
1089 273 1286 312 desideres
1303 288 1310 319 ;

449 327 492 366 Si
512 330 585 372 est,
609 326 822 371 abstinere,
843 327 942 376 quin
962 327 1160 377 adtingas,
1184 329 1264 366 11011
1285 342 1420 378 queas.
2083 334 2161 370 910

445 380 550 418 Nam
571 380 613 417 ni
633 380 715 418 illie
736 380 854 418 hodie
875 380 977 419 ferte
999 380 1162 419 fortuna
1182 382 1247 420 hie
1268 382 1382 427 foret,

446 434 564 472 Miles
586 434 882 472 Mnesilochum
902 447 993 473 eum
1016 434 1137 473 uxore
1158 436 1398 485 opprimeret
1420 439 1491 475 suni

445 488 575 537 Atque
595 488 852 537 6ptrunearet
873 488 1086 527 mc'Jeehum
1106 490 1459 528 manufestarium.

446 541 563 580 Nune
583 541 698 590 quasi
719 541 902 580 ducentis
922 542 1119 592 Philippis
1140 543 1218 580 emi
1240 543 1386 589 filium,

446 595 554 642 Quos
574 594 668 633 dare
688 595 853 644 promisi
872 596 1012 641 militi;
1042 610 1140 646 quos
1161 598 1241 635 11011
1262 596 1363 635 dabo
2080 602 2155 639 915

447 649 611 687 Temere
632 648 768 694 etiam,
791 649 902 698 prius
922 662 1043 699 quam
1065 650 1196 687 filium
1218 652 1462 696 conuenerm

446 702 678 752 Numquam
699 702 836 752 edepol
856 704 1074 753 quidquam
1095 705 1243 742 temere
1265 705 1422 743 credam
1445 705 1652 755 Chrysalo.

448 755 601 795 Uerum
622 755 732 794 lubet
753 757 875 795 etiam
896 757 997 794 mihi
1019 758 1093 796 hzis
1114 758 1313 808 perlegere
1335 759 1464 797 denuo
1481 772 1487 803 ;

447 810 668 860 Aequemst
689 809 848 849 tabellis
869 812 1117 861 censignatis
1133 812 1304 850 eredere.

808 976 932 1024 AGT
970 976 1057 1024 IV.
1132 976 1347 1025 SCENE
1386 977 1527 1025 VIII.

874 1074 1205 1114 GHRYSALUS
1238 1075 1468 1115 SERUOS.

446 1161 610 1200 Atridae
631 1161 709 1200 duo
730 1162 854 1201 fatres
875 1162 1011 1201 cluent
1032 1162 1172 1201 fecisse
1193 1162 1351 1200 facinus
1371 1165 1624 1209 maxumum,
2084 1166 2162 1204 920

449 1215 580 1262 Quom
601 1216 753 1254 Priami
773 1216 945 1265 patriam
967 1216 1209 1266 Pergamum
1230 1216 1368 1254 diuina
1388 1216 1612 1255 moenitum
1633 1230 1757 1255 manu

446 1270 594 1315 Armis,
617 1269 742 1319 equis,
765 1269 940 1309 exercitu
961 1273 1079 1319 atque
1101 1270 1258 1308 eximiis
1278 1269 1538 1309 bellateribus

447 1323 550 1362 Cum
570 1323 679 1362 mille
700 1336 868 1362 numero
889 1324 1057 1362 nauium
1078 1324 1245 1363 decumo
1267 1326 1374 1362 ainno
1395 1328 1483 1373 post
1505 1324 1760 1373 subegerunt.

447 1377 538 1415 Non
558 1376 724 1426 pedibus
744 1377 992 1416 tormentum
1013 1378 1103 1423 fuit,
1126 1380 1267 1427 praeut
1288 1378 1359 1427 ego
1380 1391 1492 1415 erum
1513 1378 1749 1428 expugnabb
1770 1392 1918 1417 meum.

450 1431 545 1470 Sine
566 1431 693 1470 classe
714 1431 878 1481 sineque
898 1432 1073 1470 exercitu
1095 1435 1133 1470 et
1154 1434 1268 1470 tzinto
1289 1444 1456 1470 numero
1477 1432 1653 1470 militum
2084 1435 2160 1472 925

447 1484 556 1535 Cepi,
579 1485 807 1534 expugnaui
827 1486 982 1524 amzinti
1002 1485 1089 1523 erili
1110 1485 1196 1523 fflio
1216 1498 1360 1523 aurum
1381 1485 1430 1523 ab
1452 1486 1522 1523 sue
1544 1490 1668 1535 patre.

447 1539 481 1576 N
488 1551 564 1577 unc
585 1540 695 1588 prius
715 1552 837 1588 quam
857 1539 935 1577 hue
957 1540 1075 1577 senex
1096 1539 1220 1585 uenit,
1243 1538 1353 1576 lubet
1374 1539 1601 1584 lamentari,
1624 1540 1718 1577 dum
1741 1541 1867 1578 exeat.

449 1592 481 1631 O
504 1592 635 1637 Tibia,
658 1605 680 1630 0
701 1593 843 1642 patria,
866 1606 888 1631 0
910 1593 1172 1642 Pergamum!
1205 1605 1227 1631 0
1248 1592 1420 1637 Priame,
1443 1593 1596 1642 periisti
1618 1606 1750 1638 senex,

449 1646 526 1693 Qui
546 1647 690 1684 misere
711 1646 815 1684 male
836 1646 1059 1685 multabere
1079 1646 1384 1696 quadringentis
1405 1646 1601 1695 Philippis
1622 1646 1766 1685 aureis.

447 1701 551 1739 Nam
572 1713 644 1750 ego
664 1700 739 1738 hiis
760 1699 928 1738 tabellas
949 1700 1180 1749 obsignatas
1201 1700 1458 1749 oensignatas
1479 1703 1578 1749 quas
1599 1700 1694 1746 fero,
2085 1702 2162 1739 930

265 1820 340 1852 910.
367 1808 401 1851 ri.
425 1828 530 1859 queas
546 1819 609 1851 Bb.
654 1828 802 1858 nequeas
818 1819 880 1850 Ba.
928 1820 1001 1850 913
1025 1818 1278 1851 moecheumC.
1324 1819 1483 1850 mechum
1499 1818 1569 1850 DF.
1616 1819 1689 1851 914.
1714 1817 1896 1858 philippeis
1912 1818 1952 1849 B.
1997 1817 2160 1859 philippis

177 1864 315 1904 reliqui.
360 1862 483 1894 einiC.
530 1863 604 1895 915.
629 1862 706 1893 dere
721 1862 783 1894 Ba.
831 1862 910 1893 dare
927 1861 989 1893 Bb.

264 1907 338 1940 917.
373 1904 1667 1946 NUMQUAMEDEPOLDEMEREQUICQUAMCREDAMCHRYSALO
1698 1905 1737 1936 A.
1819 1904 1954 1936 credam
1979 1914 1995 1936 e
2019 1914 2101 1937 corr.
2118 1905 2159 1936 D.

177 1966 324 1998 credam.
356 1952 460 1997 ΟΗΒ.
492 1965 622 1997 Uerum
651 1965 689 1997 C.
757 1966 831 1997 918.
869 1963 952 1996 libet
984 1966 1075 1997 libri.
1143 1965 1296 1997 LUBET
1328 1966 1368 1997 A.
1434 1965 1581 1997 ETIAM
1613 1965 1652 1997 A.
1719 1963 2087 1996 EASPELLEGERE
2121 1964 2159 1995 A.

177 2024 241 2057 has
270 2024 439 2066 perlegere
469 2024 541 2056 BD.
618 2025 692 2057 919.
725 2025 881 2064 Aequum
913 2027 944 2056 st
975 2025 1016 2056 B.
1083 2034 1231 2064 aequum
1263 2027 1313 2057 est
1345 2027 1481 2065 reliqui.
1558 2023 2087 2073 'I'ABELLISCONSIGNATIS
2120 2024 2160 2056 A.

178 2084 436 2117 CHRISALUS
463 2083 941 2155 SERUUS.N1COBULeUS
969 2084 1120 2116 SENEX
1138 2084 1178 2116 B.
1221 2095 1280 2116 om.
1299 2084 1335 2117 C.
1386 2067 1642 2117 CHRISALUS
1659 2084 1700 2115 D.
1756 2066 1953 2124 Chrysalus.
1975 2082 2160 2115 Nieobulus

176 2160 245 2192 FZ.
291 2161 366 2194 920.
391 2160 528 2192 Atridas
544 2160 629 2192 duos
645 2160 707 2192 Ba.
745 2160 884 2192 Atridas
901 2159 978 2192 duo·
995 2160 1059 2192 Bb.
1098 2160 1232 2193 Atrides
1250 2160 1316 2192 duo
1332 2161 1374 2192 D.
1412 2160 1517 2192 trides
1534 2160 1600 2192 duo
1617 2161 1653 2192 C.
1692 2160 1830 2192 Atridae
1843 2158 1909 2191 duo
1923 2159 1951 2190 A
1964 2160 1992 2190 &
2005 2158 2160 2199 Pylades.

177 2204 293 2236 cluent
325 2204 386 2235 BD
418 2205 447 2235 δι
478 2205 518 2235 A.
593 2204 730 2236 clauent
765 2203 801 2236 C.
869 2203 1060 2236 maximum
1094 2204 1195 2236 BCD.
1262 2203 1686 2237 FACINUSMAXIMUM
1718 2204 1757 2235 A.
1834 2203 1908 2234 921.
1942 2168 2052 2234 Cumy
2060 2202 2160 2234 ΒΟΙ).

176 2280 605 2315 PERGAMUMDIUINA
628 2282 667 2313 A.
727 2280 918 2313 moenitum
941 2280 982 2312 B.
1042 2279 1210 2312 menitum
1235 2280 1271 2312 C.
1331 2290 1366 2311 m
1399 2303 1406 2311 .
1441 2304 1448 2311 .
1479 2280 1617 2312 munitu
1641 2280 1736 2313 enitu
1759 2280 1823 2312 Da.
1884 2288 1918 2308 m
1945 2303 1953 2311 .
1980 2302 1988 2311 .
2014 2252 2160 2310 moenitu.

179 2340 274 2373 enitu
289 2341 354 2374 Db.
400 2343 474 2375 922.
498 2340 1134 2381 ARMISEQUISEXERCITUATQ.
1151 2339 1744 2372 EXIMIISBELLATORIBUSA.
1785 2339 1880 2379 equis
1872 2321 2079 2415 ‚po—Ilde923'i
2068 2336 2159 2368 Mille

178 2428 258 2450 eum
290 2420 382 2450 libri.
449 2428 528 2450 cum
562 2418 656 2450 mille
691 2418 770 2450 Uss.
837 2416 1586 2449 DECUMOANNOPOSTSUBEGERUNT
1621 2417 1660 2448 A.
1739 2417 1812 2449 924.
1844 2391 1985 2457 pedibus
2016 2412 2159 2445 BbCDb.

176 2462 274 2502 peius
297 2462 418 2494 Lamb.
435 2461 476 2499 Β,
494 2461 725 2502 Kampmann.
770 2463 940 2493 termento
959 2460 1072 2497 Curio,
1090 2460 1225 2497 Canter,
1249 2469 1266 2491 6
1289 2461 1414 2491 Festo
1420 2460 1658 2491 ‘Termentum
1682 2469 1743 2500 pro
1767 2470 1805 2492 eo
1827 2460 1915 2500 quod
1932 2466 2023 2490 nunc
2039 2456 2161 2488 dicitur

178 2521 421 2555 detrimentum
434 2523 544 2555 utitur
556 2522 718 2563 plautus'
709 2533 745 2553 m
758 2521 990 2553 bacchidibus.
996 2523 1014 2535 ”
1060 2523 1231 2552 tormento
1246 2522 1326 2551 libri
1339 2521 1367 2549 ὃς
1381 2520 1420 2550 Α.
1466 2519 1534 2551 ruit
1552 2520 1588 2551 C.
1635 2530 1672 2551 or
1685 2522 1896 2551 tormentoru
1913 2519 1951 2550 it.
1989 2517 2055 2549 fuit
2070 2517 2159 2548 libri.

177 2591 238 2639 pre
261 2585 299 2615 ut
321 2582 362 2614 Β.
415 2584 489 2616 925.
516 2582 956 2632 SINECLASSESINEQ.
970 2579 1824 2628 EXERCITUETTANTONUMEROMILITUM
1856 2580 1894 2610 A.
1962 2580 2061 2617 atque
2088 2586 2158 2616 sup.

177 2651 240 2675 scr.
252 2642 293 2675 B.
346 2644 420 2676 926.
445 2640 1238 2675 CEPIEXPUGNIAUIAMANTIERILIFIL
1285 2622 1457 2671 ,PATBE
1475 2640 1513 2670 A.
1557 2640 1659 2679 Coepi
1675 2621 1747 2671 BD.
1793 2639 1866 2671 erili
1884 2639 1952 2671 CD.
1998 2637 2096 2669 herili
2119 2637 2159 2667 B.

179 2687 252 2719 927.
283 2685 678 2726 NUNGPRIUSQUAM
702 2686 742 2717 A.
801 2685 897 2725 prius
920 2694 1024 2724 quam
1047 2684 1115 2715 huc
1139 2684 1229 2715 libri.
1258 2664 1690 2715 ''HUOSENEXUENIT
1717 2684 1756 2714 A.
1802 2683 1883 2714 libet
1909 2683 2000 2713 libri.
2046 2679 2160 2711 DUM-

179 2728 335 2760 EXEAT
363 2730 402 2761 A.
469 2731 543 2762 928.
573 2727 1235 2761 OTROIAOPATRIAOPERGAMUM
1258 2726 1297 2756 A.
1343 2726 1476 2766 pe1iisti
1501 2728 1580 2758 libri
1599 2736 1716 2758 omneS.
1778 2727 1850 2758 929.
1880 2724 2071 2756 mulcabele
2096 2723 2159 2754 Da.

179 2772 367 2805 multabere
383 2773 442 2804 Dc.
488 2772 746 2813 quadringentis
762 2772 802 2804 B.
848 2771 1090 2812 quadragentis
1108 2771 1143 2802 C.
1190 2769 1414 2809 quadragenis
1431 2769 1473 2802 D.
