2346 3043
878 186 979 226 AGT
1023 184 1094 223 IV.
1181 180 1358 221 SCENE
1404 179 1476 216 IX.
2114 172 2162 207 65

1055 304 1300 344 CHRYSALUS.

402 368 515 408 Nihss
533 378 668 406 moror
687 375 816 414 neque
837 361 936 401 scire
955 358 1061 398 uolo.

1059 427 1304 465 NICOBULUS.

1047 480 1200 520 Tamen
1220 478 1327 517 ades.

1059 551 1306 591 CHRYSALUS.

1372 598 1476 646 Quid
1498 597 1647 647 opust?

1060 658 1303 697 NICOBULUS.

1710 700 1873 739 Tziceas.

407 777 524 826 Quod
541 774 660 815 iubeo
679 774 720 812 id
740 772 879 812 facias.

1062 820 1309 860 CHRYSALUS.

923 877 1067 916 Adero.

1063 944 1307 982 NICOBULUS.

1082 997 1198 1046 Euge
1217 994 1375 1033 litteriis
1394 991 1588 1029 minutas.

1067 1068 1313 1108 CHRYSALUS.

1450 1114 1528 1162 Qui
1548 1111 1710 1163 quidem
1730 1109 1866 1147 uideat
1887 1118 2047 1158 parum:

411 1186 566 1228 Uerum
585 1184 655 1236 qui
677 1182 776 1223 satis
796 1180 947 1224 uideam
969 1176 1140 1228 grandes
1161 1173 1259 1214 satis
1280 1171 1388 1211 sunt.

1068 1246 1311 1284 NICOBULUS.

1396 1292 1588 1331 Animum
1609 1287 1810 1328 aduortito
1829 1284 1965 1334 igitur.

1069 1354 1314 1394 CHRYSALUS.

414 1418 531 1466 Nolo,
552 1417 733 1468 inquam.

1074 1461 1317 1499 NICOBULUS.

741 1522 793 1561 At
813 1519 919 1564 uolo,
940 1518 1120 1568 inquam.

1073 1584 1320 1624 CHRYSALUS.

1254 1633 1357 1681 Quid
1378 1631 1523 1681 opust?

1073 1692 1318 1730 NICOBULUS.

1490 1738 1542 1775 At
1563 1735 1671 1774 enim
1692 1731 1796 1783 quod
1817 1736 1854 1770 te
1875 1728 1991 1768 iubeo
2012 1726 2151 1765 fzicias.

1076 1800 1325 1839 CHRYSALUS.

418 1865 620 1906 Iustumst
639 1866 734 1903 tuus
753 1860 828 1902 tibi
849 1870 986 1899 seruos
1006 1860 1076 1896 tuo
1097 1853 1294 1893 arbitratu
1315 1846 1477 1888 seruiat.
2115 1833 2193 1872 990

1078 1924 1322 1963 NIGOBULL‘S.

423 1989 513 2030 Hoc
534 1991 607 2039 age
628 1987 682 2027 sis
703 1997 812 2025 nuno
831 1984 927 2023 iam.

1081 2032 1329 2072 CHRYSALUS.

905 2102 908 2103 ’
959 2087 1039 2127 Ubi
1058 2085 1182 2129 lubet,
1203 2082 1349 2125 reoita;
1381 2076 1539 2116 aurium
1560 2083 1722 2123 operam
1743 2068 1815 2108 tibi
1836 2067 1937 2105 dieo.

1082 2156 1324 2194 NICOBULUS.

427 2222 551 2262 Cerae
571 2218 754 2270 equidem
773 2215 883 2254 haud
906 2212 1032 2264 parsit
1052 2211 1180 2259 neque
1202 2205 1307 2249 stilo,
1331 2201 1398 2241 sed
1422 2196 1613 2249 quidquid
1633 2196 1692 2233 est
1712 2191 1911 2243 perlegere
1936 2188 2141 2227 certumst.

430 2275 599 2318 “Pater‚
621 2273 816 2311 ducentos
836 2268 1056 2317 Philippos,
1078 2274 1239 2314 quaeso,
1264 2255 1459 2305 Chryf'salo

428 2330 504 2375 Da,
528 2328 562 2367 si
581 2328 667 2367 esse
688 2325 844 2364 saluom
864 2322 928 2360 {iis
949 2333 1013 2359 me
1034 2322 1103 2357 aut
1124 2315 1290 2354 uitalem
1311 2309 1426 2349 tibi.’‘

429 2382 587 2422 Malum
607 2380 771 2431 quidem
791 2376 924 2416 hercle
944 2375 1141 2422 magnum
1162 2368 1235 2408 tibi
1255 2366 1356 2404 dico.

303 2528 377 2560 986.
400 2524 496 2557 Nihil
521 2524 613 2555 libri.
667 2530 752 2561 opus
769 2521 819 2551 est
842 2519 910 2549 FZ.
964 2518 1065 2556 opust
1088 2513 1189 2545 BCD.
1239 2511 1346 2543 tacias
1370 2509 1433 2539 Da.
1487 2507 1600 2536 taceas
1624 2499 1688 2531 Db.
1746 2496 1820 2528 987.
1845 2493 1941 2531 Euge
1963 2490 2003 2522 B.
2051 2489 2105 2536 Eu
2129 2486 2198 2518 GD.

217 2571 292 2605 990.
321 2570 458 2602 Iustum
482 2569 533 2599 est
557 2565 627 2598 CD.
701 2564 838 2596 Iustum
862 2563 892 2592 st
916 2560 955 2592 B.
1024 2560 1106 2590 tunc
1131 2557 1166 2588 G.
1236 2552 1370 2586 seruiad
1394 2551 1456 2582 Da.
1529 2547 1603 2579 991.
1630 2543 1700 2574 iam
1723 2547 1815 2571 nune
1839 2535 1907 2567 CD.
1974 2540 2136 2564 nunciam
2159 2529 2199 2560 B.

218 2616 292 2648 992.
319 2613 401 2674 Cere
416 2612 456 2643 B.
502 2609 639 2650 quidem
654 2608 695 2639 B.
740 2605 896 2646 equidem
915 2604 1032 2635 Gertz·
1077 2601 1201 2641 pellere
1217 2599 1280 2630 Da.
1325 2595 1492 2636 perlegere
1510 2591 1546 2621 Z.
1591 2586 1753 2628 pellegere
1775 2579 1876 2612 BCD.
1919 2577 1999 2608 New
2016 2583 2113 2607 scene
2130 2571 2199 2603 CD.

220 2699 320 2732 space
343 2689 434 2721 ODa.
502 2683 763 2718 NICOBOLUS
787 2678 1044 2714 CHRISALUS
1072 2677 1137 2708 Db.
1204 2661 1323 2705 EPLA
1349 2670 1389 2701 B.
1457 2667 1531 2700 993.
1562 2662 1651 2695 MC.
1675 2663 1748 2692 ater
1772 2656 1809 2688 C.
1863 2653 1963 2711 OENIC.
1989 2651 2015 2682 O
2039 2652 2135 2690 pater
2158 2646 2200 2678 D.

219 2741 366 2784 philipp.
389 2749 428 2772 os
450 2739 490 2771 B.
547 2746 651 2777 queso
674 2735 743 2767 BG.
799 2734 873 2766 994.
899 2731 1036 2763 saluum
1061 2730 1151 2760 libri.
1209 2726 1282 2758 995.
1311 2721 1415 2769 ΟῌΒ.
1439 2719 1507 2750 FZ.
1564 2727 1624 2747 om.
1649 2715 1750 2747 BCD.
1802 2714 1890 2746 NIC.
1914 2712 1954 2743 B.
2005 2708 2134 2741 Molum
2159 2705 2201 2736 D.

222 2808 388 2840 magnum
404 2798 478 2830 CH.
495 2796 558 2830 tibi
574 2795 661 2827 dico.
678 2794 739 2825 NI.
756 2791 838 2832 quid
853 2793 904 2822 est
920 2789 989 2821 CD.
1036 2795 1200 2826 magnum
1267 2781 1330 2814 tibi
1346 2781 1432 2812 dieo.
1451 2778 1536 2810 CRI.
1562 2776 1643 2817 quid
1659 2781 1709 2807 est
1726 2776 1766 2806 B.

355 2859 370 2884 I
388 2858 402 2884 1
