2346 3043
195 166 218 202 8
893 162 1096 203 PLAUTI
1150 163 1482 204 BACCHIDES.

1045 283 1329 322 &moenam-s.

998 337 1102 384 Quid
1124 350 1209 377 esse
1230 338 1327 377 dieis
1348 337 1542 388 dignius?

1066 418 1237 457 BAccms
1266 420 1313 457 A.

459 471 570 511 Haec
590 473 647 511 ita
667 485 730 511 ine
751 476 851 517 orat,
875 471 949 511 sibi
969 473 1037 522 qui
1058 479 1199 512 caueat
1219 473 1394 523 aliquem
1416 477 1460 512 ub
1481 474 1687 513 hominem
1708 475 1902 525 reperiam
2132 479 2183 517 40

459 525 520 565 Ab
541 526 641 565 istoc
661 525 803 571 milite,
827 525 884 571 fit,
907 525 974 565 ubi
995 527 1209 566 emeritum
1231 526 1306 566 sibi
1327 527 1392 573 sit,
1417 540 1457 566 se
1477 528 1646 567 reueha'it
1666 528 1845 568 domum.

459 580 519 626 Id,
542 579 686 619 amabo
706 583 757 625 te,
780 579 875 619 huic
896 583 1055 620 eaiueas.

1038 662 1323 701 PlsTOCLERUS.

1104 716 1209 763 Quid
1228 716 1296 756 isti
1317 717 1483 756 caueam
1494 718 1512 754 ἰ)

1064 797 1236 836 BAccms
1268 799 1316 836 A.

471 891 480 902 Ι
1481 851 1537 890 Ut
1558 851 1776 890 reuehati'u·
1796 853 1975 899 domum,

458 903 535 942 L'bi
556 904 591 943 ei
612 904 764 943 dederit
785 904 938 955 (Speras,
961 917 1010 943 ne
1031 905 1136 944 hane
1155 905 1223 944 ille
1243 904 1392 944 habeat
1413 918 1484 955 pro
1505 906 1653 944 aneilla'i
1675 905 1762 944 sibi.

456 958 489 996 N
495 961 561 997 11111
582 958 615 997 si
635 958 733 998 haee
753 958 900 998 habeat:
919 958 1077 1005 aurum,
1099 959 1205 1009 quod
1226 959 1285 997 1111
1305 959 1536 998 renumeret
1557 960 1680 999 faeiat
1701 959 1856 999 lubens.

471 1081 479 1091 .
1041 1040 1326 1080 PISTOCLERUS.

457 1092 536 1132 Ubi
556 1105 665 1133 nunc
685 1093 719 1132 is
739 1093 932 1133 homost?

1062 1152 1234 1191 BAccms
1265 1153 1312 1192 A.

711 1206 799 1244 Iam
821 1206 899 1251 hie,
921 1206 1050 1251 eredo,
1073 1206 1214 1245 aderit.
1275 1207 1353 1247 Sed
1373 1208 1448 1247 hoc
1469 1207 1575 1247 idem
1595 1207 1701 1258 apud
1722 1220 1796 1247 nos
1816 1208 1965 1248 rectius
2129 1210 2178 1248 45

455 1259 609 1299 Poteris
629 1273 758 1310 agere,
781 1264 900 1310 atque
920 1261 955 1299 is
975 1260 1071 1298 dum
1093 1261 1243 1306 ueniat,
1267 1262 1408 1301 sedens
1429 1261 1483 1301 ibi
1504 1261 1748 1312 opperibere.

453 1310 610 1361 Eadem
630 1321 788 1368 biberis,
811 1322 949 1362 eadem
973 1322 1117 1362 dedero
1137 1322 1224 1369 tibi,
1247 1323 1314 1362 ubi
1335 1323 1494 1370 biberis,
1519 1324 1693 1363 sanium.
1726 1373 1729 1376 y

1041 1404 1326 1444 Pmmcnmns.

456 1457 602 1497 Uiscus
622 1470 757 1497 merus
777 1460 955 1498 nostrast
975 1457 1186 1498 blanditia.

1058 1540 1229 1579 BAcomS
1260 1541 1307 1579 A.

1100 1594 1205 1640 Quid
1226 1594 1307 1633 iam
1322 1596 1340 1633 ‘2

1036 1676 1323 1715 PISTOCLERUS.

1314 1729 1419 1777 Quia
1438 1730 1547 1769 enim
1567 1730 1770 1781 intellego,

451 1782 565 1822 Duae
586 1795 713 1821 unum
734 1783 933 1833 expetzitis,
956 1783 1188 1834 palumbem
1206 1797 1213 1829 ;
1247 1785 1367 1834 prope
1388 1784 1573 1823 harundo
1594 1784 1680 1823 alas
1699 1783 1896 1830 verberah,

451 1837 541 1876 Non
562 1850 634 1887 ego
654 1837 757 1876 istuc
778 1837 935 1877 facinus
955 1838 1070 1883 mihi,
1092 1838 1251 1884 mulier,
1274 1838 1522 1878 conducibile
1543 1851 1629 1878 esse
1650 1837 1835 1878 arbitror.
2126 1840 2179 1878 50

1057 1919 1230 1958 BAocms
1261 1920 1309 1958 A.

451 1971 542 2018 Qui,
564 1971 708 2013 amabo
722 1974 740 2011 ἱ)

267 2177 319 2208 39.
343 2176 382 2207 A.
399 2175 439 2207 B.
485 2175 608 2216 dignus
632 2175 725 2208 Daz.
771 2175 908 2216 dignius
934 2177 998 2209 Db.
1057 2177 1108 2209 40.
1133 2177 1172 2208 A.
1196 2177 1236 2209 B.
1283 2177 1357 2209 Hec
1384 2176 1455 2208 DF.
1501 2185 1567 2217 que
1591 2176 1655 2209 Da.
1701 2176 1759 2216 qui
1787 2175 1852 2208 Db.
1909 2177 1963 2208 41.
1987 2175 2034 2209 Ut
2062 2175 2174 2209 istoeh

1828 2228 1842 2245 e

180 2250 325 2284 militem
348 2251 449 2284 BCD.
494 2252 546 2284 Ad
569 2253 683 2284 istunc
705 2252 851 2285 militem
875 2253 1067 2285 Hermann.
1114 2253 1165 2285 Ab
1189 2254 1275 2286 istoc
1299 2253 1409 2285 milite
1431 2253 1470 2284 F.
1518 2253 1610 2285 Istoc
1627 2253 1737 2285 milite
1763 2253 1799 2284 Z.
1845 2252 2008 2285 meritum
2026 2252 2069 2285 D.
2114 2262 2173 2286 seu

179 2295 280 2328 BCD.
326 2304 361 2327 se
381 2297 418 2328 ut
434 2297 569 2337 reliqui.
616 2306 651 2328 se
678 2296 835 2338 Pylades.
882 2300 999 2329 reueat
1015 2297 1054 2329 F.
1112 2299 1165 2329 42.
1189 2307 1331 2365 calueam
1347 2297 1376 2329 A
1393 2298 1431 2328 ut
1447 2297 1488 2329 B.
1536 2305 1679 2329 caueam
1703 2298 1776 2328 A-ut
1800 2296 1843 2328 D.
1888 2305 2032 2329 caueam
2048 2298 2109 2328 aut
2133 2295 2172 2328 C.

179 2379 320 2403 caueam
337 2370 407 2403 BA.
435 2374 473 2403 ut
499 2372 535 2403 Z.
580 2381 721 2404 caueam
738 2377 775 2405 ut
788 2373 827 2405 F.
866 2373 1050 2406 reuehatur
1066 2372 1103 2405 C.
1149 2376 1310 2406 reueatur
1326 2373 1399 2405 BD.
1439 2381 1575 2405 reueam
1591 2372 1630 2405 F.
1676 2371 1818 2404 reuehat
1837 2372 1873 2404 Z.
1931 2374 1983 2404 43.
2008 2371 2173 2405 dediderit

178 2414 279 2446 BCD.
325 2413 453 2446 dederit
476 2415 543 2446 FZ.
608 2417 661 2447 44.
686 2415 770 2448 haec
793 2416 822 2448 si
843 2417 883 2449 B.
930 2416 959 2448 si
984 2417 1066 2449 haee
1085 2416 1183 2449 CDF.
1230 2417 1259 2449 si
1283 2416 1339 2449 hie
1365 2417 1402 2448 Z.
1465 2418 1518 2448 45.
1543 2416 1593 2448 Pi.
1607 2416 1669 2448 De.
1715 2415 1821 2448 homo
1845 2418 1877 2447 st
1901 2416 1941 2448 B.
1986 2415 2091 2448 homo
2119 2418 2170 2448 est

179 2467 316 2507 reliqui.
361 2466 400 2497 A.
425 2466 465 2498 B.
510 2466 609 2499 credo
630 2467 740 2499 aderit
763 2467 819 2500 hic
842 2468 882 2500 B.
929 2468 987 2500 sed
1010 2468 1050 2499 B.
1097 2468 1196 2500 s'CD.
1243 2467 1335 2508 apud
1359 2467 1456 2500 CFZ.
1502 2460 1546 2508 af>
1569 2467 1611 2499 D.
1658 2467 1755 2508 ap'B.
1819 2468 1872 2499 46.
1897 2467 1926 2498 is
1949 2466 2032 2499 dum
2055 2466 2172 2499 ueniat

180 2508 300 2585 {eldglns
317 2508 366 2584 ig}
379 2509 514 2594 figzbi
526 2509 653 2585 igdum
671 2510 788 2543 ueniat
801 2511 922 2544 sedens
935 2511 992 2543 hic
1007 2511 1076 2543 FZ.
1115 2511 1287 2553 operibere
1300 2511 1370 2543 BF.
1421 2513 1474 2544 47.
1499 2510 1591 2543 bibes
1610 2511 1647 2542 Z.
1687 2510 1805 2543 eadem
1821 2510 1884 2542 tibi
1900 2509 2024 2543 dedero
2034 2509 2171 2543 sauium

267 2612 319 2643 48.
344 2614 494 2644 nostrast
517 2612 557 2644 B.
604 2599 665 2646 dra
689 2616 740 2646 est
763 2614 833 2646 CD.
880 2616 993 2647 uestra
1017 2617 1067 2647 est
1091 2615 1159 2646 FZ.
1206 2613 1379 2646 blandicia
1403 2613 1502 2646 CDF.
1548 2614 1588 2646 A.
1610 2614 1650 2646 B.
1704 2615 1757 2647 49.
1788 2613 1885 2646 Duae
1907 2622 1945 2645 or
1966 2612 2041 2669 Due
2062 2621 2171 2646 unum

180 2671 338 2712 expetitis
355 2673 446 2704 libri.
492 2673 588 2705 Duae
604 2683 658 2706 me
674 2674 714 2706 R.
759 2675 843 2716 perii
867 2675 1024 2707 harundo
1048 2675 1088 2707 B.
1133 2674 1218 2716 perii
1239 2674 1372 2707 arundo
1389 2674 1460 2707 CD.
1506 2683 1611 2716 prope
1627 2674 1760 2707 arundo
1777 2673 1817 2706 R.
1864 2673 1901 2706 Si
1917 2672 2074 2706 harundo
2091 2673 2169 2706 Ues.

181 2714 309 2755 pertica
325 2715 398 2747 alas
415 2715 570 2753 uerberat
586 2718 625 2748 A.
643 2717 790 2756 Palmer,
807 2718 967 2751 Ribbeck.

267 2758 319 2790 50.
344 2758 433 2791 istuc
448 2759 582 2794 facinus
598 2760 684 2793 mihi
709 2763 800 2794 libri.
846 2761 959 2794 istuch
983 2762 1046 2794 Da.
1093 2761 1224 2794 tatinus
1247 2761 1287 2794 B.
1333 2771 1372 2809 ee
1385 2771 1458 2794 esse
1473 2761 1513 2793 B.
