2346 3043
895 179 997 219 ACT
1041 181 1112 219 IV.
1200 182 1377 221 SOENE
1424 184 1494 222 VI.

2139 197 2187 232 55

1078 300 1322 340 NICOBULUS.

581 351 670 389 Tun
692 352 819 391 te'rrae
839 365 903 391 me
924 353 1060 392 odium
1081 367 1167 393 esse
1187 354 1376 394 autumas
1390 359 1408 394 ἱ)
1464 357 1660 398 Abducite
1682 360 1789 400 hunc

579 405 693 444 Intro
714 408 834 455 atque
854 407 1093 457 adstringite
1115 408 1165 446 ad
1185 409 1416 448 columnam
1438 410 1607 450 fortiter.

579 459 812 510 Numquam
831 460 989 500 auferes
1008 461 1104 500 hinc
1124 461 1283 501 aurum.

1075 548 1320 589 CHRYSALUS.

1332 604 1454 655 Atqui
1476 606 1557 644 iam
1577 606 1703 646 dabis.

1073 672 1109 710 N
1113 686 1318 713 IcoBULUS.

577 723 722 764 Dabo?

779 819 789 832 Ι
1077 780 1321 819 CHRYSALUS.

767 834 897 882 Atque
918 832 1050 871 orabis
1071 835 1134 872 me
1155 835 1316 884 quidem
1338 835 1456 881 ultro,
1480 841 1524 875 ut
1544 837 1739 884 auferam,
2113 845 2191 882 820

580 885 710 931 Quom
732 885 849 923 illum
869 887 1059 926 rescisces
1080 888 1378 927 criminatorem
1400 903 1550 935 meum,

578 939 739 985 Quanto
760 940 801 977 in
823 940 970 990 periclo
991 944 1030 979 et
1049 943 1203 991 quanta
1223 941 1265 980 in
1286 943 1459 992 pernicie
1481 945 1569 984 siet.

578 992 682 1030 Tum
702 993 930 1032 libertatem
953 994 1148 1045 Chrysalo
1169 995 1384 1046 largibere;

578 1046 667 1097 Ego
688 1047 786 1086 adeo
806 1060 1030 1098 numquam
1051 1049 1258 1099 accipiam.

1076 1135 1110 1173 N
1115 1148 1320 1175 IOOBULUS.

1302 1190 1390 1236 Dic,
1414 1192 1608 1231 scelerum
1630 1198 1762 1245 caput,

577 1241 664 1287 Dic,
687 1255 764 1291 quo
785 1242 826 1280 in
848 1242 1034 1292 periclost
1054 1244 1168 1282 meus
1189 1243 1463 1284 Mnesilochus
1485 1246 1624 1286 filius?
2110 1253 2187 1291 825

1074 1330 1321 1371 CHRYSALUS.

579 1382 752 1432 Sequere
772 1378 953 1429 hac''1ne;
987 1384 1079 1423 faxo
1100 1385 1182 1423 iam
1204 1386 1317 1425 scies.

1077 1472 1111 1508 N
1115 1485 1320 1511 ICOBULUS.

1385 1528 1472 1574 Quo
1492 1529 1704 1578 gentium?

1074 1579 1321 1618 CHRYSALUS.

579 1629 677 1669 Tres
698 1630 800 1669 imos
821 1644 977 1681 passus.

1077 1686 1111 1723 N
1116 1700 1320 1726 monimus.

1027 1739 1102 1778 Ue'l
1123 1741 1272 1780 decem.

1076 1827 1322 1867 CHRYSALUS.
1628 1872 1637 1884 Ι

1332 1883 1527 1933 Agedum,
1551 1887 1595 1923 tu
1615 1888 1795 1932 Artamo,

578 1932 611 1969 F
614 1945 722 1970 orem
743 1932 849 1972 hanc
869 1933 1088 1983 pausillum
1110 1935 1238 1984 aperi3
1269 1936 1435 1985 placide,
1458 1939 1507 1976 ne
1528 1951 1656 1988 crepa.

581 1986 653 2024 Sat
673 1987 746 2024 est.
805 1986 956 2026 Accede
976 1988 1054 2027 huc
1076 1988 1133 2027 tu.
1193 1989 1322 2028 Uiden
1344 1992 1606 2031 conuiuium?

1132 2075 1167 2113 N
1171 2089 1373 2116 ICOBULUS.

580 2126 707 2165 Uideo
727 2127 993 2166 exaduorsum
1015 2128 1279 2168 Pistoclerum
1302 2134 1340 2169 et
1361 2132 1619 2171 Bzicchidem.
2111 2141 2189 2177 830

1075 2215 1319 2256 CHRYSALUS.

580 2266 656 2313 Qui
675 2266 770 2307 sunt
791 2268 833 2306 in
853 2268 955 2308 lecto
976 2269 1043 2307 illo
1065 2269 1190 2308 altero
1206 2272 1223 2307 ‘?

1078 2351 1112 2388 N
1116 2365 1320 2391 Icossunus.

1249 2407 1391 2445 Interii
1412 2407 1546 2447 miser.

291 2597 366 2629 817.
390 2598 477 2629 terre
493 2597 562 2628 CD.
609 2599 683 2629 818.
708 2598 928 2639 columpnam
942 2599 983 2631 D.
1029 2601 1103 2632 819.
1128 2588 1205 2639 Nuq
1221 2587 1288 2648 qua.
1304 2600 1344 2632 B.
1390 2600 1460 2631 iam
1478 2603 1568 2633 libri.
1614 2603 1688 2634 821.
1713 2603 1822 2649 Quom
1839 2604 1877 2635 F.
1918 2605 2005 2644 Qum
2023 2605 2062 2638 B.
2101 2605 2186 2637 Cum

204 2656 342 2696 reliqui.
384 2656 543 2688 reccisces
555 2656 618 2689 Ba.
664 2658 738 2689 822.
762 2658 911 2697 periculo
929 2660 1019 2690 libri.
1058 2659 1183 2699 periclo
1197 2660 1321 2699 Guyet.
1359 2659 1505 2700 pernitie
1518 2661 1612 2692 BDb.
1630 2662 1802 2701 permittie
1816 2663 1906 2694 CDa.
1945 2665 2018 2695 323.
2042 2664 2187 2703 lagibere

205 2698 267 2730 Ba.
305 2698 468 2739 largibem
485 2709 555 2731 rem
572 2700 614 2731 D.
671 2702 745 2732 825.
769 2702 893 2741 periclo
907 2705 958 2733 est
975 2702 1044 2733 CD.
1088 2702 1239 2742 periculo
1255 2705 1305 2734 est
1320 2702 1359 2734 B.
1417 2704 1491 2735 826.
1517 2713 1616 2743 seque
1634 2705 1696 2736 Da.
1743 2706 1821 2737 faxo
1838 2707 1906 2737 iam
1924 2706 2008 2738 scies
2024 2707 2091 2738 BC.
2111 2713 2186 2748 post

205 2743 259 2773 sat
284 2744 335 2773 est
363 2753 395 2774 v.
425 2743 554 2776 829'D.
616 2745 690 2776 827.
714 2753 833 2784 passos
860 2745 923 2776 Ba.
983 2747 1057 2777 828.
1081 2746 1204 2777 fortem
1233 2746 1269 2777 C.
1324 2746 1511 2785 pausillum
1538 2747 1600 2778 Ba.
1646 2749 1836 2788 pauxillum
1864 2749 1912 2781 Bc
1936 2760 2008 2781 cum
2033 2752 2185 2791 reliquis.

204 2784 429 2825 pausillulum
445 2785 486 2817 R.
531 2786 761 2826 pauxillulum
785 2787 940 2828 Pylades.
987 2790 1099 2828 crepet
1123 2788 1296 2828 Angelius.
1342 2799 1443 2829 crepa
1459 2800 1531 2822 mss.
1588 2792 1661 2823 829.
1687 2794 1755 2840 stat
1772 2792 1814 2824 D.
1857 2792 1924 2824 huc
1941 2794 2029 2825 libri.
