2346 3043
858 167 960 207 AGT
1003 167 1058 205 Π.
1145 166 1322 206 SCENE
1371 166 1447 206 ΠΙ.
2097 170 2148 209 23

1031 286 1278 325 CHRYSALUS.

537 340 644 387 Quin
664 342 708 379 tu
728 339 836 379 audi.

1034 393 1277 431 NlcoBULUS.

862 447 1007 493 Immo,
1029 447 1238 496 ingenium
1260 447 1366 486 avidi
1387 447 1495 486 haud
1516 461 1729 498 pernoram
1750 448 1933 499 hespitis.

1030 528 1277 568 CHRYSALUS.

535 582 755 632 Postquain
775 584 920 620 aurum
941 581 1197 627 abstulimus,
1220 583 1261 620 in
1284 596 1430 622 nauem
1452 585 1773 631 conscendimus,

535 635 713 675 Domum
734 636 953 686 cupientes.
1013 636 1132 674 Ferte
1154 639 1197 674 ut
1218 637 1354 675 adsedi
1376 638 1417 675 in
1440 641 1565 688 stega,
2072 639 2148 679 275

535 690 644 728 Dum
665 690 966 739 circumspecto,
990 692 1108 739 atque
1130 703 1202 739 ego
1223 691 1402 729 lembum
1424 692 1632 742 censpicor

533 743 735 793 Longum,
759 744 990 793 strigosum,
1012 743 1243 782 maleficum
1265 745 1508 784 exornarier.

1032 824 1275 863 NICOBULUS.

535 878 641 918 Perii
661 879 812 924 hercle3
844 878 1000 917 lembus
1022 879 1089 916 ille
1110 879 1211 916 mihi
1231 879 1354 918 laedit
1375 880 1495 919 latus.

1034 959 1281 998 CHRYSALUS.

533 1013 575 1051 Is
595 1015 681 1052 erat
701 1013 927 1052 communis
948 1026 1040 1052 cum
1060 1014 1218 1063 hospite
1240 1018 1278 1053 et
1299 1015 1580 1065 praedenibus.

1032 1095 1275 1134 NICOBULUS.

532 1147 669 1187 Adeon
690 1161 754 1187 me
775 1149 898 1187 fuisse
920 1148 1108 1198 fungum,
1132 1153 1175 1188 ut
1196 1150 1263 1199 qui
1286 1150 1345 1187 illi
1367 1151 1582 1197 crederem,
2072 1153 2151 1190 280

534 1202 665 1249 Quom
685 1203 741 1240 mi
762 1203 895 1253 ipsum
916 1216 1064 1241 nomen
1086 1203 1170 1242 eius
1192 1204 1493 1243 Archidemides

534 1256 738 1295 Clamaret
758 1257 1017 1306 dempturum
1038 1258 1136 1303 esse,
1161 1258 1193 1296 si
1214 1258 1310 1307 quid
1332 1259 1546 1297 crederem.

1029 1338 1277 1377 CHRYSALUS.

533 1392 575 1430 Is
595 1391 751 1430 lembus
772 1395 932 1430 nostrae
954 1393 1051 1430 naui
1072 1393 1240 1431 insidias
1261 1392 1395 1431 dabat.

533 1446 676 1495 Occepi
697 1458 769 1495 ego
789 1445 1002 1484 obseruare
1024 1460 1102 1491 eos,
1125 1459 1345 1496 quamnam
1366 1448 1450 1485 rem
1471 1452 1626 1497 gerant.

533 1499 693 1537 Interea
713 1512 733 1537 e
753 1505 870 1548 portu
892 1501 1030 1538 nostra
1052 1501 1166 1538 nauis
1188 1501 1370 1538 seluitur.
2069 1507 2146 1546 285

534 1552 613 1591 Ubi
633 1554 750 1602 pertu
771 1553 940 1597 eximus,
962 1554 1145 1592 hemines
1165 1555 1331 1603 remigie
1353 1555 1476 1604 sequi,

534 1607 669 1656 Neque
690 1608 785 1645 aues
805 1620 932 1656 neque
953 1608 1065 1645 uenti
1086 1608 1217 1646 citius.
1277 1608 1476 1654 Quoniam
1499 1610 1640 1655 sentio,

534 1660 644 1707 Quae
664 1661 726 1698 res
747 1672 962 1710 gereretur.
985 1663 1133 1699 nauem
1155 1662 1354 1711 extemplo
1376 1663 1607 1701 statuimus.

533 1714 735 1760 Quoniam
758 1714 896 1752 uident
917 1727 990 1753 nos
1012 1718 1130 1760 stare,
1153 1715 1392 1765 occeperunt
1413 1720 1541 1755 ratem

535 1767 713 1807 Turbare
734 1768 775 1805 in
797 1772 927 1818 portu.

1031 1823 1065 1859 N
1070 1836 1274 1861 monimus.

963 1872 1117 1934 Edepol
1137 1885 1320 1924 mortalis
1341 1886 1482 1925 malos.
2070 1894 2148 1932 290

533 1936 637 1984 Quid
657 1936 825 1987 denique
847 1936 966 1986 agitis
979 1940 996 1975 ἰ)

1029 1991 1274 2031 CHRYSALUS.

1016 2045 1194 2084 Rursum
1215 2047 1256 2084 in
1277 2050 1439 2096 portum
1459 2047 1688 2098 recipimus.

1029 2126 1063 2163 N
1068 2140 1273 2166 ICOBULUS.

534 2179 744 2230 Sapienter
765 2179 917 2218 factum
939 2192 962 2217 a
982 2180 1110 2218 nobis.
1171 2181 1274 2227 Quid
1296 2182 1355 2219 illi
1376 2183 1542 2231 pbstea?

214 2380 221 2386 ι
243 2336 317 2387 273.
348 2337 616 2385 NIGQRALUS
638 2336 678 2368 Β.
736 2336 842 2367 immo
868 2337 960 2368 libri.
1017 2336 1195 2376 ingenium
1219 2336 1311 2368 auidi
1335 2337 1410 2370 BD.
1468 2338 1596 2378 ingenii
1620 2339 1714 2371 auidi
1739 2340 1775 2371 C.
1834 2340 1919 2373 haut
1944 2342 2005 2373 Ba.
2055 2341 2148 2374 haud

155 2380 317 2455 relzqggzl-
339 2378 569 2462 {tessxiiltdzgt
593 2433 608 2454 e
633 2432 715 2454 corr.
732 2423 772 2453 B.
819 2422 854 2453 in
878 2432 1003 2454 nauem
1028 2423 1288 2454 conscendimus
1312 2425 1403 2455 libri.
1463 2426 1536 2458 275.
1562 2425 1703 2457 domum
1727 2428 1817 2458 libri.
1865 2427 1957 2459 domi
1976 2428 2016 2460 R.
2074 2430 2148 2461 276.

156 2463 283 2496 circum
307 2468 423 2505 specto
450 2467 540 2497 libri.
587 2465 697 2505 adque
719 2466 758 2497 B.
816 2467 890 2498 277.
920 2467 1078 2506 Longum
1105 2469 1135 2497 st
1152 2467 1299 2505 rigorem
1322 2468 1517 2499 maleficum
1543 2469 1584 2500 Β.
1631 2469 1811 2509 strigorem
1827 2471 1962 2508 Festus,
1979 2471 2148 2509 Fritzsch,

156 2507 276 2540 Dacer.
320 2508 495 2541 triremem
514 2509 552 2540 A.
576 2509 723 2564 Palmgr.
770 2512 819 2540 est
836 2511 973 2549 reliqui.
1019 2509 1213 2541 exornarier
1228 2510 1268 2541 B.
1317 2512 1389 2543 273.
1415 2510 1526 2543 hercle
1542 2513 1582 2542 Β.
1629 2512 1686 2544 ilie
1701 2513 1764 2545 Ba.
1810 2513 1891 2545 ledit
1908 2525 2027 2547 omnes.
2073 2517 2147 2547 279.

155 2567 363 2607 predonibus
378 2568 419 2600 B.
476 2569 550 2600 280.
578 2579 632 2599 me
656 2579 700 2600 ee
723 2568 829 2601 fuisse
853 2569 922 2601 OD.
968 2569 1137 2601 crederem
1160 2580 1221 2601 om.
1245 2570 1281 2601 C.
1339 2571 1474 2603 credere
1497 2571 1561 2603 Da.
1619 2573 1693 2604 281.
1721 2573 1810 2612 Qum
1835 2574 1875 2604 B.
1900 2584 1973 2605 cum
1997 2576 2148 2614 reliquis.

156 2610 397 2643 archidemidis
413 2611 491 2643 dem
508 2622 523 2643 e
539 2622 622 2644 corr.
638 2612 678 2643 B.
725 2614 799 2644 282.
838 2612 1039 2653 dempturus
1061 2613 1124 2644 Da.
1170 2613 1260 2652 quod
1284 2613 1348 2645 Db.
1396 2616 1469 2646 283.
1508 2615 1640 2647 lembus
1664 2619 1802 2648 nostrae
1825 2616 1908 2648 naui
1934 2619 2025 2648 libri.
2072 2618 2147 2650 284.

156 2667 222 2701 hoc
236 2670 331 2711 coepi
347 2671 384 2702 C.
423 2671 603 2703 obseruare
619 2672 658 2703 B.
716 2673 790 2705 287.
819 2672 983 2711 quoniam
1002 2673 1037 2703 Z.
1084 2658 1142 2711 qm
1158 2672 1259 2704 BCD.

206 2731 318 2804 ‘1382
346 2731 516 2771 Quoniam
544 2732 699 2773 Pylades.
745 2718 802 2771 qm
819 2733 889 2764 CD.
935 2733 1024 2772 Qum
1041 2733 1081 2763 Β.
1139 2734 1213 2765 290.
1243 2733 1394 2765 Turbare
1412 2734 1446 2764 in
1466 2736 1566 2774 portu
1593 2736 1684 2766 libri.
1731 2734 1887 2766 mortalis
1906 2745 2024 2767 onmes.
2072 2736 2145 2768 292.

158 2782 216 2812 qui
264 2783 296 2805 a.
