2346 3043
180 194 229 232 24
879 193 1083 233 PLAUTI
1137 192 1468 234 BACCHIDES.

1050 316 1296 353 CHRYSALUS.

557 366 846 406 Remirsfflnem
867 368 917 406 ad
939 369 1085 406 terram
1109 369 1261 407 faciunt
1284 367 1450 416 uesperi.

1051 449 1085 486 N
1091 462 1296 487 1001111113.

556 501 712 539 Aurum
735 502 867 541 hercle
888 503 1044 541 auferre
1065 503 1246 547 uolue1·e;
1278 503 1313 541 ei
1334 503 1390 541 rei
1411 505 1574 552 operum
1595 501 1759 540 dabant.

1052 583 1298 622 CHRYSALUS.

555 635 646 674 Non
667 637 731 675 me'
753 636 908 677 fefellit,
933 638 1037 675 misi
1055 651 1062 682 ;
1094 650 1139 675 eo
1160 637 1415 675 exanimatus
1436 637 1507 675 fui.
2094 636 2170 676 295

559 689 760 736 Quoniaim
782 691 966 729 uidemus
987 691 1084 729 auro
1105 691 1273 730 insidias
1295 691 1397 736 fieri,

556 743 749 793 Capimus
771 745 985 783 consilium
1006 745 1210 783 contiuuo.
1276 744 1474 783 Postridie

555 797 788 836 Aufe'rimus
809 811 953 836 aurum
974 799 1092 836 omne
1112 799 1193 836 illis
1214 798 1504 848 praesentibus,

558 851 698 890 Palam
721 854 840 902 aitque
860 861 1008 901 aperte,
1032 857 1075 890 ut
1096 852 1155 889 ssli
1176 852 1216 890 id
1238 852 1390 891 factum
1412 853 1639 891 sciscerent.

1053 933 1088 970 N
1092 946 1297 972 1coBULUS.

559 986 666 1026 Scite
687 986 832 1026 hercle.
893 986 1011 1032 Cedo,
1033 987 1129 1037 quid
1150 987 1238 1026 ssli‘?

1053 1063 1299 1102 CHRYSALUS.

1258 1117 1410 1155 Tristes
1430 1117 1536 1156 ilico.
2097 1117 2176 1155 300

561 1170 692 1217 Quom
713 1171 914 1221 extemplo
935 1184 957 1209 a
978 1174 1096 1221 portu
1116 1171 1172 1209 ire
1194 1183 1268 1209 nos
1288 1183 1380 1209 cum
1400 1172 1498 1209 auro
1517 1171 1671 1216 uident,

560 1224 800 1263 Subducunt
820 1224 999 1263 lembum
1020 1224 1221 1274 capitibus
1241 1224 1542 1274 quassantibus.

557 1278 640 1317 Nos
663 1278 769 1328 zipud
790 1278 1050 1317 Theotimum
1071 1280 1188 1317 omne
1209 1292 1354 1339 aurum
1374 1278 1646 1328 deposuimus,

557 1340 634 1387 Qui
656 1340 737 1379 illic
761 1341 944 1380 sacerdos
965 1342 1024 1380 est
1045 1341 1200 1379 Dianae
1221 1341 1436 1390 Ephesiae.

1053 1417 1296 1455 NICOBULUS.

559 1470 637 1517 Qui
657 1470 747 1510 istic
770 1471 1053 1510 Theotimust‘?

1053 1542 1299 1581 CHRYSALUS.

1081 1604 1327 1654 Megalobuli
1348 1604 1472 1649 filius,
2097 1603 2173 1641 305

558 1666 635 1713 Qui
656 1665 763 1705 nunc
784 1666 825 1704 in
846 1666 1050 1717 Ephesost
1070 1656 1262 1717 Ephesiis
1282 1669 1542 1707 carissumus.

1055 1744 1298 1783 Niconmms.

559 1797 618 1835 Ne
638 1796 705 1835 ille
725 1797 857 1836 hercle
877 1798 978 1835 mihi
1001 1798 1051 1836 sit
1071 1798 1201 1837 multo
1222 1803 1336 1837 tanto
1357 1798 1498 1844 carior,

560 1851 604 1890 Si
624 1863 687 1889 me
708 1851 778 1890 sslo
798 1864 896 1890 auro
917 1853 1032 1891 tzinto
1053 1852 1379 1891 circumduxerit.

1056 1928 1302 1967 CHRYsALus.

559 1980 666 2027 Quin
687 1981 774 2030 ipsa
794 1981 834 2018 in
857 1981 952 2020 aede
973 1981 1120 2020 Dianai
1140 1983 1407 2027 conditumst;

558 2034 713 2073 Ibidem
733 2034 952 2085 publicitus
974 2037 1150 2074 seruant.

270 2164 344 2195 293.
368 2162 609 2195 Reuersionem
628 2163 692 2195 Da.
738 2164 781 2196 ad
798 2164 942 2197 alteram
960 2164 1023 2196 Da.
1070 2166 1144 2197 294.
1169 2164 1254 2196 ercle
1270 2164 1371 2196 BCD.
1417 2164 1545 2196 dabant
1561 2174 1622 2196 om.
1639 2164 1676 2196 C.

270 2207 344 2238 295.
375 2206 468 2238 sensi
499 2206 536 2238 C.
593 2207 811 2241 exanimatus
843 2209 933 2240 libri.
983 2217 1024 2239 ex
1055 2208 1230 2240 animatus
1260 2208 1300 2239 B.
1363 2209 1436 2240 296.
1470 2207 1581 2240 Chris.
1605 2208 1669 2240 Da.
1730 2217 1793 2239 om.
1817 2206 1883 2239 Db.
1942 2205 2114 2247 Quoniam
2143 2204 2175 2237 D

182 2263 339 2306 Pylades.
385 2265 474 2305 Qum
490 2266 530 2297 B.
576 2252 643 2307 quss
661 2267 697 2299 c.
744 2267 895 2300 uidimus
912 2269 1004 2300 libri.
1050 2267 1208 2300 uidemus
1225 2268 1363 2300 Gruter.

269 2342 344 2374 297.
370 2311 519 2383 posiidie
534 2343 575 2375 B.
621 2343 814 2385 posttridie
831 2344 867 2412 Cl.
925 2346 999 2377 298.
1027 2353 1150 2377 aurum
1176 2346 1267 2377 libri.
1313 2344 1382 2377 illis
1407 2346 1498 2377 libri.
1554 2344 1771 2386 presentibus
1787 2343 1888 2376 BCD.
1945 2344 2020 2377 299.
2047 2342 2175 2376 scirent

810 2395 854 2413 QI'C
868 2396 882 2413 0

182 2417 246 2450 Ba.
291 2417 366 2450 300.
404 2417 453 2451 sic
470 2418 515 2451 ite
531 2419 568 2452 C.
614 2420 700 2452 ercle
715 2421 756 2452 B.
802 2421 898 2453 crede
914 2421 978 2453 Da.

271 2494 345 2526 301.
379 2495 468 2534 Qum
498 2496 538 2528 B.
608 2489 665 2537 qm
697 2497 733 2529 C.
779 2470 863 2537 quin
883 2471 957 2529 'Da.
1017 2466 1100 2538 t(llum
1134 2499 1195 2531 De.
1263 2500 1337 2531 302.
1369 2498 1625 2539 quassantibus,
1702 2498 1776 2530 303.
1808 2497 2041 2530 theothimum
2074 2497 2175 2529 BCD.

184 2537 418 2578 deposiuimus
431 2539 616 2571 Acidalius.
655 2540 878 2581 deposuimus
893 2543 983 2573 libri.
1023 2543 1098 2574 304.
1123 2543 1224 2574 diane
1239 2543 1340 2575 BCD.
1380 2543 1503 2574 dianae
1521 2542 1558 2574 Z.
1596 2541 1769 2574 effihoesie
1781 2541 1822 2574 D.
1861 2541 1936 2574 305.
1960 2540 2177 2573 theothimus

184 2584 235 2613 est
250 2580 352 2613 BCD.
397 2582 603 2622 megalobuli
620 2583 738 2616 BCDF
756 2584 833 2617 Uss.
851 2585 968 2616 Gertz.
1015 2586 1220 2626 megaloboli
1238 2587 1274 2618 Z.

271 2640 346 2672 306.
374 2640 499 2682 epheso
526 2645 558 2674 st
585 2643 625 2675 B.
683 2643 808 2684 epheso
832 2647 883 2676 est
907 2646 1043 2686 reliqui.
1089 2645 1238 2686 ephesiis
1261 2655 1277 2678 e
1302 2655 1386 2678 corr.
1410 2645 1450 2678 B.
1496 2645 1700 2677 karissimus
1726 2645 1767 2677 B.
1813 2631 2012 2677 carissimus
2037 2645 2176 2686 reliqui.

185 2717 260 2749 307.
289 2715 375 2747 ercle
399 2717 500 2750 BCD.
558 2719 668 2751 multo
699 2730 757 2752 mu
783 2731 798 2752 e
825 2731 907 2753 corr.
933 2721 973 2753 B.
1031 2722 1105 2753 308.
1134 2731 1189 2753 me
1216 2721 1275 2753 illo
1303 2722 1396 2754 libri.
1451 2720 1716 2754 circumduxerit
1744 2721 1781 2752 F.
1836 2690 2104 2753 circumduxerig
2133 2720 2175 2752 D.

185 2761 260 2793 309.
288 2759 324 2790 in
339 2759 415 2801 ipsa
431 2763 523 2794 libri.
569 2762 629 2795 ede
645 2763 767 2796 dianae
782 2764 822 2797 B.
868 2765 928 2797 ede
943 2765 1045 2797 diane
1061 2765 1131 2797 CD.
1177 2765 1212 2797 in
1229 2775 1329 2806 eapse
1343 2764 1426 2797 aede
1443 2765 1524 2797 deae
1539 2765 1580 2797 R.
1626 2764 1710 2797 aede
1725 2764 1808 2796 deae
1828 2764 1948 2796 Herm.
2004 2763 2176 2804 Ephesiae

186 2813 248 2835 om.
265 2801 344 2834 Ues,
389 2804 567 2838 conditum
581 2809 613 2838 st
628 2807 669 2839 B.
714 2810 765 2839 est
780 2809 918 2849 reliqui.
