2346 3043
177 151 254 188 Qffi

176 325 324 366 plumea,
343 324 417 355 511.

176 375 317 416 placide,
333 374 406 407 704.

176 426 354 468 placitant.
373 426 468 457 1076.
822 408 824 463 Ἰ

176 478 296 518 plenos
313 476 502 516 sanguinis,
522 476 594 507 151.

177 529 266 570 plus,
284 530 359 565 459,
375 529 450 565 814,
469 528 563 559 1041.
823 472 826 644 ι

175 273 289 314 plane,
313 273 387 304 502.
820 271 824 398 ἱ

177 580 254 621 plus
272 579 363 611 iusto
381 578 487 616 uehit,
503 578 578 609 346.

178 631 286 672 pluris
302 630 401 671 preti,
420 631 494 661 631.

178 682 348 722 plurumis
364 681 488 719 uerbis,
505 681 580 718 902,
599 681 693 712 1016.

179 734 251 770 Pol,
270 732 322 765 35.

179 785 347 826 pollicere,
366 785 439 822 183,
457 786 531 816 636.

181 837 345 874 Polluces,
363 838 437 868 889.

179 898 316 929 pompa,
335 889 408 919 112.

179 939 295 976 Porro,
313 939 386 975 270,
406 939 479 976 741,
498 938 592 970 1002.

179 990 338 1032 possiem,
353 992 426 1023 758.

179 1041 335 1083 posthac,
354 1043 448 1073 1083.

179 1096 364 1134 postremo,
382 1095 456 1131 534,
474 1094 548 1131 571,
566 1093 640 1125 616.

179 1148 363 1186 postquam
380 1145 462 1176 with
478 1154 578 1185 pres,
593 1146 667 1176 532.

181 1196 359 1235 Postridie,
377 1198 451 1229 297.

181 1248 395 1289 postulatum
414 1247 533 1290 (verb),
550 1249 624 1280 439.

181 1300 380 1341 postulatio,
399 1300 472 1331 446.

181 1351 272 1393 potis
288 1355 338 1382 est
358 1351 472 1391 (potis,
489 1350 594 1392 pote),
612 1352 664 1382 33.

182 1403 327 1443 potatio,
346 1404 396 1435 77.

182 1454 325 1492 Poticio‚
345 1455 417 1485 121.

182 1506 282 1537 Potin
302 1508 351 1543 ut,
370 1507 442 1538 747.

182 1558 307 1598 potetis
324 1557 407 1589 with
424 1560 462 1588 ut
479 1567 559 1594 om..
578 1559 651 1590 752.

182 1610 298 1650 potius
317 1633 324 1640 .
344 1633 350 1641 .
370 1609 491 1648 magis,
510 1611 583 1641 499.

184 1664 330 1702 potesse,
348 1662 422 1693 560.

184 1722 322 1753 prauos,
340 1713 414 1744 410.

185 1764 375 1804 praeceptis
393 1764 475 1802 suis,
496 1765 591 1796 1017.

184 1816 370 1856 praefecto,
388 1818 462 1848 422.

184 1866 347 1908 praedam
366 1891 374 1899 .
391 1869 605 1907 quaestorem
624 1867 785 1905 deferam,
832 1861 833 1886 ἶ

231 1919 326 1952 1071.

185 1980 267 2011 prae
283 1980 402 2007 manu,
420 1971 495 2002 624.

186 2021 426 2062 praedonibus,
443 2023 517 2054 279.

185 2072 425 2113 praeligatum,
443 2074 514 2104 134.

187 2124 459 2162 Praenestinum,
479 2126 530 2156 28.

186 2175 382 2216 prandium,
401 2178 452 2208 77.

187 2227 412 2267 praesagitur,
430 2228 504 2260 676.

187 2280 373 2318 praestare,
390 2279 464 2309 384.

187 2332 332 2370 praeter,
349 2333 368 2346 ‘⁸
379 2329 543 2368 besides,'⁷
562 2330 656 2362 1145.

188 2383 323 2421 praeut,
340 2382 414 2413 924.

188 2433 351 2473 pretiosa,
369 2434 420 2466 72.

189 2484 417 2524 prepositions
441 2484 692 2526 (abundantia),
715 2485 788 2518 169.

188 2534 388 2575 priusquam
406 2535 489 2567 with
506 2535 621 2575 indic.,
639 2538 713 2568 436.

189 2586 284 2626 prius
302 2611 309 2618 .
327 2596 442 2626 quam,
462 2588 556 2619 1013.
833 2607 836 2626 ,

189 2637 364 2678 probrum,
381 2640 456 2676 375,
475 2640 569 2671 1165.

189 2689 304 2729 probe,
322 2691 395 2726 494,
413 2691 487 2727 698,
507 2692 580 2728 762,
599 2692 672 2723 775.

189 2741 333 2780 probris,
352 2743 426 2772 568.

190 2791 325 2832 probos,
342 2795 416 2824 877.

825 911 827 918 ,
880 879 1078 919 promittere
1091 878 1173 910 with
1183 883 1271 919 pres.
1285 878 1394 917 infin.,
1407 880 1480 916 915,

826 1259 827 1262 ,
880 1235 1019 1273 propter
1035 1235 1080 1271 te,
1099 1233 1194 1264 1203.
1520 1240 1523 1275 ς

1520 1288 1522 1295 ’
1576 1282 1690 1319 queat,
1707 1280 1782 1316 655,
1800 1279 1874 1310 841.

828 1547 830 1550 ’
883 1541 1257 1581 publicituszpublice,
1275 1542 1349 1573 310.

830 1670 831 1679 ,
884 1643 989 1684 pudet
1005 1643 1088 1675 with
1104 1653 1190 1683 gen„
1209 1645 1284 1682 376,
1302 1645 1398 1677 1012.

830 1724 831 1729 ,
884 1705 978 1736 puer,
996 1697 1070 1727 438.

832 1829 833 1835 ,
885 1808 1036 1839 pugnam
1053 1799 1222 1837 conserui,
1240 1800 1314 1831 962.

833 2119 835 2142 z
887 2108 1031 2147 pultare,
1052 2110 1146 2140 1114.

833 2199 834 2205 ἵ
889 2160 1060 2199 Punning,
1079 2160 1154 2192 368.

833 2245 835 2255 ’
887 2256 974 2286 quae
1013 2246 1194 2278 hominum
1233 2247 1370 2279 sorbent
1409 2257 1486 2279 sau-

834 2385 835 2391 ,
889 2349 993 2390 Quae,
1013 2350 1064 2381 14.

834 2402 835 2414 ¹
889 2402 994 2441 Quae,
1012 2411 1080 2433 acc.
1097 2401 1143 2442 pl.
1161 2403 1268 2439 neut.,
1285 2402 1359 2435 371.

1079 145 1270 184 INDEX.

876 279 1043 310 proceres,
1063 271 1157 302 1049.
1513 271 1517 316 Ι

877 322 942 353 Pro
959 322 993 353 di
1010 322 1216 360 inmortalis,
1236 323 1308 355 179.

878 373 1012 449 prngrsse
1024 383 1078 405 me
1090 373 1133 405 ad
1146 375 1179 405 te
1195 373 1230 404 in
1244 375 1476 414 conspectum,

879 467 1076 508 Prodigium
1092 468 1167 505 hoc,
1185 470 1257 505 Rc,
1277 468 1371 499 1140.

879 519 1125 559 producuntur,
1144 520 1239 551 1146.

879 569 1052 610 produxit,
1070 571 1144 607 452,
1162 572 1235 602 454.
1517 576 1521 692 ἱ

1518 694 1522 726 1

879 621 1048 659 Profecto,
1065 623 1139 658 321,
1157 622 1231 653 940.

878 673 990 713 proin,
1009 674 1083 710 735,
1102 673 1197 710 1057,

878 723 1046 764 prolepsis
1062 724 1097 755 of
1114 723 1258 764 subject,
1275 725 1349 762 556,
1369 724 1443 757 781.

824 806 826 812 ,
879 775 1060 815 prolectas,
1077 776 1153 807 568.

879 830 1087 867 promptare,
1105 827 1179 859 462.

924 924 998 955 965.

880 984 1055 1015 pronouns
1073 973 1227 1012 omitted,
1243 974 1316 1011 184,
1331 975 1404 1011 593,
1419 976 1482 1007 899

925 1025 1092 1067 (abund),
1112 1026 1186 1062 508,
1205 1026 1277 1062 745,
1293 1025 1368 1062 902,
1387 1026 1481 1057 1119.

879 1086 996 1117 prope,
1015 1078 1110 1109 1159.

879 1128 1092 1169 propensior,
1110 1129 1184 1161 519.

880 1183 1058 1221 propterea
1077 1205 1084 1212 .
1101 1183 1151 1218 ut,
1170 1182 1243 1218 725,
1262 1181 1336 1214 807.

881 1283 1100 1324 propudium,
1118 1284 1192 1315 580.

881 1335 1056 1376 protinam
1075 1335 1220 1376 (temp),
1237 1335 1311 1368 371.

882 1389 1054 1426 proteruo,
1072 1388 1146 1418 613.

883 1439 1107 1476 Prouocatur,
1124 1439 1198 1470 441.

883 1499 1071 1530 proxumae
1087 1489 1246 1528 uiciniae,
1264 1490 1339 1521 202.

885 1592 1012 1633 pudere
1029 1593 1228 1632 quidquam,
1247 1594 1321 1624 480.

884 1757 1035 1787 pugnam
1053 1757 1156 1787 quam
1174 1747 1284 1779 uoluit
1301 1747 1393 1785 dare,
1411 1748 1484 1780 270.

885 1850 1053 1890 pugilatu,
1070 1852 1144 1881 425.

886 1902 1012 1942 pulcre,
1026 1902 1100 1939 236,
1119 1904 1192 1940 788,
1211 1903 1305 1935 1064.

886 1953 1001 1994 pulcre
1018 1953 1101 1984 haec
1115 1954 1290 1986 confertur
1303 1953 1399 1992 ratis,
1412 1955 1485 1987 792.

886 2005 998 2044 pulsa,
1016 2007 1090 2044 579,
1108 2007 1182 2037 582.

886 2056 1036 2096 pulsatio
1053 2058 1167 2098 (puls.,
1183 2057 1297 2099 pult.),
1315 2058 1388 2089 584.

930 2297 1080 2338 guinem,
1098 2300 1172 2331 369.

885 2462 1262 2493 quaeserezquaerere,
1282 2455 1355 2491 176,
1371 2454 1444 2486 742.

888 2513 1026 2544 quaeso,
1046 2506 1120 2537 198.

888 2565 975 2595 quae
986 2565 1109 2596 corpus
1122 2556 1274 2597 publicat
1287 2557 1399 2597 uolgo,
1413 2559 1487 2589 858.

888 2607 1084 2682 qugg5dicta
1108 2607 1193 2639 dixit
1209 2618 1264 2640 me
1288 2607 1488 2647 aduersum,

889 2711 1047 2740 quacum,
1065 2703 1139 2734 846.

834 2775 835 2784 ,
889 2752 984 2792 Quae
1001 2752 1124 2785 harum
1146 2757 1227 2786 sunt
1249 2755 1360 2793 aedes,
1378 2755 1488 2796 pulsa,

933 2797 1008 2828 579.

1570 271 1664 311 Quae
1680 268 1895 311 inperauisti,
1913 270 1987 302 722.

1571 323 1666 363 Quae
1682 325 1826 354 uocatur
1837 321 1852 352 ?
1877 321 1951 354 470.

1571 386 1658 416 quae
1674 375 1767 407 mala
1783 385 1866 407 crux
1882 373 2016 413 agitat?
2042 373 2117 404 585.

1571 437 1675 467 quam
1692 426 1849 463 omitted,
1866 427 1940 458 669.

1539 484 1541 487 ’
1573 479 1685 519 Quam
1702 488 1793 516 mox,
1812 479 1885 515 771,
1903 478 1977 510 875.

1573 540 1689 570 quam,
1706 529 1879 568 interrog„
1896 530 1970 560 389.

1572 591 1676 621 quam
1693 590 1797 619 nunc,
1814 581 1889 613 675.

1573 634 1686 672 Quam
1717 632 1838 672 magis,
1869 631 1922 663 for
1953 639 2020 670 quo
2051 629 2173 669 magis,

1619 677 1714 709 1072.

1574 727 1685 767 Quam
1702 727 1839 767 quidem
1855 728 2024 764 actutum,
2042 724 2137 757 1206.

1573 787 1774 817 quamnam,
1791 779 1865 809 284.

1573 829 1734 870 quamuis
1751 829 1877 867 subito,
1895 829 1970 860 336.

1573 882 1711 922 quando
1743 881 1826 912 with
1857 880 1958 920 subj.,
1991 879 2065 917 726,
2091 879 2173 918 764;

1618 925 1700 957 with
1717 924 1801 963 ind„
1817 925 1892 955 442.

1561 980 1746 1017 -quantum
1762 978 1886 1017 potest,
1905 976 1980 1013 345,
1999 975 2094 1008 1027.

1575 1031 1745 1105 (111ἒέιῖοω
1754 1028 1858 1061 uelles
1866 1029 2003 1060 tantum
2013 1035 2174 1064 sumeres,

1576 1123 1806 1164 Quantillum,
1823 1123 1899 1161 317,
1914 1122 1988 1155 702.

1575 1177 1780 1216 quantumst
1797 1175 1833 1206 in
1849 1177 1951 1211 terra,
1971 1174 2066 1206 1169.

1575 1231 1793 1269 quapropter,
1812 1227 1907 1258 1143.

1575 1340 1676 1370 quem
1693 1331 1736 1362 ad
1752 1329 1906 1367 modum,
1923 1330 1997 1366 471,
2017 1329 2090 1361 729.

1577 1383 1686 1422 Quem
1703 1382 1737 1414 di
1754 1382 1914 1421 diligunt,
1932 1382 2007 1412 811.

1577 1433 1812 1473 Quiazquod,
1831 1434 1884 1466 57.

1575 1484 1656 1524 quia
1673 1495 1753 1522 non,
1772 1484 1873 1524 subj.,
1888 1485 1962 1517 732.

1577 1536 1664 1576 Quia
1681 1536 1785 1574 enim,
1802 1536 1855 1567 48.

1577 1587 1654 1626 Qui,
1671 1587 1727 1619 old
1743 1587 1823 1625 abl„
1840 1588 1892 1624 51,
1910 1586 1984 1618 669.

1577 1638 1647 1677 qui,
1664 1640 1738 1670 544.

1578 1689 1701 1728 quibus
1719 1689 1818 1721 uideo
1843 1689 1944 1729 uolgo
1967 1688 2082 1729 gnatis
2102 1697 2175 1720 esse

1622 1736 1792 1773 parentes,
1811 1734 1905 1766 1076.

1579 1785 1790 1824 Quibuscum
1807 1783 1948 1816 haberes
1964 1794 2046 1822 rem,
2065 1784 2139 1816 565.

1579 1836 1818 1876 Quiquomque
1835 1835 1970 1876 ubique,
1989 1837 2084 1868 1083.

1579 1889 1730 1928 quicum,
1744 1890 1819 1922 647.

1580 1941 1680 1980 Quid,
1698 1942 1818 1973 amas?
1842 1940 2060 1977 Bacchidem,
2077 1940 2151 1972 569.

1580 1992 1744 2031 quiddam
1760 1993 1869 2024 dicere
1880 1992 1955 2031 tibi,
1973 1993 2068 2024 1154.

1581 2044 1670 2084 Quid
1686 2045 1773 2084 ago?
1800 2045 1894 2076 1198.

1581 2096 1665 2173 quisti3
1673 2106 1736 2137 ago
1755 2121 1762 2129 .
1781 2120 1788 2128 .
1806 2097 1887 2136 quid
1904 2098 2019 2128 metuo
2038 2095 2177 2138 (mood),

1582 2192 1670 2231 Quid
1687 2192 1763 2224 ais?
1790 2193 1841 2230 76,
1859 2193 1934 2229 601,
1954 2192 2048 2223 1154.

1582 2244 1671 2283 Quid
1687 2244 1780 2277 iam?
1805 2246 1857 2275 48.

1583 2295 1672 2335 Quid
1688 2297 1841 2328 clamas?
1865 2298 1939 2329 867.

1583 2347 1671 2387 Quid
1688 2357 1771 2380 caue
1788 2347 1905 2380 malo?
1933 2349 2006 2379 145.

1583 2398 1672 2438 Quid
1688 2399 1833 2440 denique
1849 2398 1974 2439 agitis?
2001 2399 2076 2431 291.

1583 2451 1683 2491 Quid,
1700 2452 1809 2484 duas?
1827 2453 1902 2485 570.

1583 2503 1672 2543 Quid
1689 2513 1772 2542 esse,
1789 2506 1861 2541 dcc„
1879 2505 1932 2536 39.

1583 2555 1671 2595 Quid
1682 2555 1756 2587 est?
1772 2560 1791 2573 ‘⁶
1803 2555 1922 2586 what's
1933 2554 1990 2586 the
2001 2555 2128 2586 matter
2137 2553 2180 2585 ”‘2

1627 2599 1679 2637 76,
1696 2600 1771 2636 641,
1788 2600 1870 2635 995;
1893 2598 1961 2630 and
1978 2598 2052 2630 562.

1583 2651 1675 2691 quid,
1694 2650 1810 2688 iudei„
1824 2651 1898 2683 271.

1583 2703 1672 2742 Quid
1689 2703 1763 2734 ita?
1787 2705 1840 2740 85,
1858 2704 1932 2736 677.

1582 2755 1664 2796 quid
1695 2756 1756 2788 fit?
1790 2756 1865 2793 627.
1898 2755 1972 2793 771,
2003 2757 2085 2793 974;
2120 2754 2179 2786 the

1626 2800 1746 2836 result,
1763 2800 1838 2832 874.
