2346 3043
170 165 220 201 58
732 160 734 162 ’
872 160 1077 199 PLAUTI
1130 160 1463 200 BACCHIDEs.

634 265 653 280 'J

593 302 614 321 ,-
1044 278 1291 319 CHRYSALUS.

547 333 701 372 Pacisci
722 344 813 372 cum
835 332 904 372 illo
925 332 1091 383 paulula-
1111 334 1282 384 pecunia
2089 336 2168 375 860

549 387 682 426 Potes.

1046 441 1291 480 N1COBULts.

736 494 941 534 Paciscere
962 495 1070 545 e'rgo,
1093 495 1269 542 obsecro,
1292 495 1387 546 quid
1409 494 1481 535 tibi
1503 495 1628 542 lubet,

547 548 656 587 Dum
677 549 727 587 ne
747 548 978 588 manufesto
999 549 1207 588 hominem
1228 550 1428 600 &pprimat
1449 562 1551 589 neue
1572 549 1715 589 enicet.

1029 613 1310 653 Cnsozmcnvs.

549 667 667 707 Nunc
688 667 767 706 nisi
787 667 949 707 ducent-i
971 667 1148 719 Philippi
1169 668 1392 708 redduntur
1412 669 1526 715 mihi,

547 721 635 760 Iam
657 721 819 761 illerum
841 734 913 772 ego
934 722 1114 760 animam
1135 722 1346 762 ambcrum
1368 722 1587 762 exsorbebo
1608 723 1766 774 6ppido.

1046 787 1075 826 C
1081 801 1293 827 HRYSALUS.

549 840 643 887 Em,
665 841 755 879 11160
772 840 970 890 paciscere
993 841 1025 879 si
1046 846 1173 891 potes.

1046 904 1291 943 NICOBULUS.

1225 958 1364 1008 Perge,
1387 957 1570 1004 ebsecrm
2091 958 2169 998 865

549 1011 756 1051 Paciscere
776 1011 951 1062 quiduis.

1047 1066 1295 1106 CHRYSALUS.

1007 1119 1081 1160 Ibo
1101 1124 1140 1159 et
1161 1121 1308 1160 faciam
1330 1120 1481 1160 sedulo.

551 1174 657 1221 Quid
677 1173 829 1214 clamas
840 1177 858 1213 ἱ)

1032 1228 1313 1268 CLEOMACHUS.

903 1282 983 1322 Ubi
1005 1295 1096 1322 erus
1117 1283 1212 1322 tuus
1231 1284 1320 1322 est?

1048 1348 1296 1388 CHRYSALUS.

1362 1402 1397 1440 N
1402 1414 1594 1452 usquam;
1627 1401 1776 1442 nescio.

553 1455 627 1494 Uis
649 1456 722 1495 tibi
742 1456 937 1495 ducentos
957 1455 1148 1495 nummos
1168 1456 1250 1495 iam
1270 1456 1511 1506 promibtier.

553 1509 610 1549 Ut
630 1511 679 1549 ne
700 1510 918 1550 clamorem
938 1510 1005 1550 hic
1026 1510 1152 1550 facias
1173 1523 1251 1549 neu
1272 1510 1530 1550 conuicium?

1035 1575 1317 1615 CLEOMACHUS.

554 1628 667 1667 Nihil
687 1630 760 1676 est,
782 1629 887 1680 quod
908 1629 1063 1668 malim.

1051 1695 1299 1734 CHRYSALUS.

1065 1749 1197 1799 Atque
1218 1749 1263 1788 {it
1284 1748 1356 1788 tibi
1377 1749 1486 1788 mala
1506 1749 1636 1788 multa
1655 1749 1867 1800 ingeram?
2095 1750 2175 1790 870

1037 1813 1317 1853 CLEOMACHUS.

556 1868 642 1908 Tuo
663 1867 876 1907 arbitratu.

1051 1922 1296 1961 Nicossums.

934 1976 991 2015 L’t
1012 1976 1296 2015 subblanditur
1317 1977 1530 2016 czirnufex!

1051 2041 1300 2081 CHRYSALUS.

557 2095 677 2134 Pater
696 2095 762 2134 hic
782 2095 1076 2141 Mnesilochist‚
1100 2096 1276 2146 sequere,
1298 2096 1332 2135 is
1352 2096 1561 2146 promitbeh
1582 2095 1667 2134 tibi.

559 2149 618 2187 Tu
640 2149 784 2187 aurum
805 2153 966 2199 roga-tm
999 2150 1176 2188 ceterum
1198 2149 1367 2188 uerbum
1389 2154 1451 2189 sat
1471 2154 1545 2189 est.

267 2241 341 2273 860.
366 2239 470 2272 CHR.
487 2250 548 2270 om.
567 2239 631 2271 Da.
679 2239 782 2271 CHR.
801 2239 866 2271 Db.
912 2240 972 2272 illa
989 2240 1025 2272 G.
1072 2241 1214 2281 paulula
1238 2240 1338 2272 BCD.
1383 2240 1547 2281 peccunia
1571 2240 1614 2272 D.
1661 2241 1735 2273 861.
1760 2239 1930 2280 paciscere
1948 2240 2040 2272 libri.
2085 2239 2177 2280 quod

180 2285 383 2317 Lambinus.
428 2283 510 2323 quid
528 2284 619 2315 libri.
666 2282 729 2315 tibi
740 2283 835 2352 lubeft.
850 2283 923 2315 BD.
970 2284 1064 2316 lubet
1081 2284 1142 2316 tibi
1160 2285 1196 2316 C.
1243 2285 1318 2317 862.
1343 2284 1527 2316 manifesto
1545 2285 1638 2316 libri.
1684 2284 1857 2324 obprimat
1872 2283 1914 2315 D.
1960 2282 2069 2316 enicet
2084 2283 2175 2315 BaC.

178 2363 294 2394 enecet
317 2360 380 2392 Bb.
435 2359 566 2392 eniceat
590 2359 631 2391 D.
689 2361 763 2392 864.
789 2369 829 2391 ex
853 2360 976 2392 orbebo
999 2361 1058 2392 Bc.
1114 2360 1280 2392 exorbebo
1304 2360 1395 2393 Bac.
1440 2360 1609 2393 exorbabo
1632 2361 1674 2393 D.
1736 2361 1810 2394 865.
1838 2361 1929 2392 Hem
1959 2384 1967 2393 .
2001 2386 2010 2394 .
2044 2384 2053 2393 .
2079 2363 2177 2402 potes

178 2404 337 2445 assigned
352 2408 389 2436 to
413 2403 600 2444 Chrysalus
617 2403 717 2435 BCD.
774 2403 932 2436 Emilloc
949 2404 989 2436 Β.
1048 2405 1138 2436 Hem
1151 2404 1230 2436 illoc
1242 2406 1378 2445 reliqui.
1436 2404 1523 2436 Cum
1540 2404 1619 2437 illoc
1632 2405 1674 2436 B.
1718 2404 1907 2445 paeisscere
1923 2404 1964 2436 B.
2006 2405 2178 2444 paciscere

180 2450 317 2489 reliqui.
364 2447 503 2480 obsecro
528 2448 620 2479 libri.
667 2448 741 2479 866.
766 2446 903 2479 Pacisce
925 2447 988 2479 Ba.
1033 2448 1206 2488 paciscere
1228 2447 1280 2480 Bb
1304 2458 1376 2480 cum
1399 2449 1553 2489 reliquis.
1599 2447 1681 2488 quid
1705 2448 1758 2480 uis
1783 2449 1875 2480 libri.
1922 2447 2043 2489 Chrys.
2059 2458 2120 2480 om.
2137 2447 2176 2479 C.

1608 2499 1703 2518 seeum

180 2525 303 2557 fatiam
326 2525 367 2556 B.
413 2525 488 2557 867.
512 2533 586 2555 eros
609 2523 650 2555 B.
697 2532 775 2555 erus
800 2523 870 2555 CD.
916 2523 989 2556 CH.
1006 2535 1068 2556 om.
1087 2524 1151 2556 Da.
1199 2524 1302 2556 CHR.
1328 2524 1388 2557 Dc.
1434 2534 1620 2565 nusquam.
1666 2524 1783 2557 nescio
1807 2524 1877 2557 GD.
1922 2525 1997 2557 868.
2020 2524 2090 2556 iam
2113 2534 2176 2556 om.

180 2569 244 2601 Ba.
289 2569 360 2600 iam
382 2567 446 2599 Bb.
500 2568 575 2599 869.
600 2567 784 2598 clamorem
809 2577 829 2599 a
852 2578 868 2599 e
892 2577 975 2599 corr.
1000 2568 1040 2600 B.
1086 2568 1280 2600 conuitium
1305 2568 1373 2600 CD.
1428 2570 1502 2602 870.
1527 2568 1609 2608 quid
1632 2568 1674 2601 D.
1720 2569 1794 2600 GH.
1817 2578 1878 2600 om.
1902 2567 1967 2600 Da.
2013 2567 2087 2600 CH.
2110 2567 2176 2599 Db.

180 2612 211 2638 in

179 2655 295 2686 geram
320 2645 384 2676 Da.
445 2644 520 2676 871.
552 2643 599 2675 Ut
639 2668 646 2676 .
687 2668 695 2675 .
735 2644 945 2693 ..carnufex
970 2646 1050 2677 libri
1076 2644 1192 2685 assign
1217 2646 1252 2676 to
1281 2643 1355 2677 Nic.
1412 2644 1508 2677 Acid.
1537 2648 1572 2677 to
1600 2644 1801 2686 Chrysalus.
1857 2643 2086 2676 subbauditur
2113 2644 2175 2676 Ba.

181 2721 400 2754 sublanditur
422 2721 465 2752 D.
525 2722 600 2753 872.
627 2688 827 2754 PaterhmB.
893 2689 1102 2772 mnesiloch}
1125 2723 1177 2754 est
1200 2722 1237 2754 C.
1298 2721 1502 2754 mnesilochi
1526 2725 1578 2755 est
1601 2723 1737 2763 reliqui.
1797 2723 1872 2755 873.
1897 2724 2038 2754 tuarum
2062 2722 2116 2754 for
2138 2725 2176 2754 tu

182 2791 305 2815 aurum
323 2782 386 2813 Da.
433 2783 582 2838 ceterum
600 2780 636 2812 C.
