2346 3043
136 156 186 194 76
841 155 1044 194 PLAUTI
1084 156 1418 198 BACCHIDES.

1010 276 1045 315 N
1049 289 1255 316 monimus.

351 327 454 375 Quia
474 327 732 379 flagitiumst.

997 384 1271 424 Pmoxmns.

782 436 886 484 Quid
907 437 1008 488 opiis
1029 438 1182 478 uerbist
1197 440 1215 477 ἱ)
1244 452 1334 478 meo
1355 439 1442 479 filio
1462 452 1544 479 non
1565 453 1656 479 sum
1675 440 1819 488 initus,

350 489 486 540 Neque
508 491 545 528 te
568 496 637 529 tuo
658 494 718 530 est
738 504 908 542 aequom
929 505 1014 531 esse
1034 493 1185 531 iratum
1202 506 1209 539 ;
1243 493 1274 532 si
1292 496 1447 539 amant,
1471 494 1672 545 sapienter
1693 495 1863 535 faciunt.

1015 574 1189 612 BAccms
1219 574 1266 613 A.

350 624 522 675 Sequere
543 626 632 666 haic.

1012 681 1258 721 NICOBULUS.

675 734 789 773 Eunt
809 747 922 774 eccas
943 735 1108 774 tandem
1129 735 1263 786 probri
1283 736 1534 787 perlecebrae
1555 741 1594 776 et
1614 739 1917 786 persuastriees.
2031 740 2133 779 1165

352 794 457 841 Quid
477 795 586 835 minc
601 797 619 834 ἱ)
677 796 815 835 Etiam
837 797 1003 836 redditis
1024 797 1141 837 nobis
1161 797 1267 837 fih'os
1288 802 1327 837 et
1348 801 1540 838 seruom‘?
1598 789 1662 838 An
1683 813 1756 850 ego

351 848 548 899 Experior
569 853 703 890 tecum
723 851 808 889 uim
828 850 1056 890 maiorem?

998 933 1270 973 Pmnoxmns.

1160 987 1266 1027 Abin
1286 988 1382 1028 hino
1396 990 1414 1027 ἱ)

349 1039 384 1077 N
388 1052 440 1078 on
460 1040 582 1079 homo
605 1044 647 1079 tu
667 1041 829 1091 quidem
851 1054 906 1087 es,
928 1041 995 1092 qui
1016 1041 1117 1081 isto'c:
1138 1046 1255 1092 pacto
1276 1046 1361 1081 tam
1381 1043 1555 1095 lepidam
1577 1044 1751 1096 inlepide
1771 1045 1961 1095 appelles.

1016 1123 1190 1163 BAccffls
1220 1125 1268 1163 A.

352 1174 482 1214 Senex
503 1176 680 1225 6ptume,
702 1180 942 1227 quantumst
962 1178 1004 1216 1'n
1025 1180 1145 1224 terra,
1170 1179 1254 1218 sine
1275 1179 1351 1219 hoc
1371 1181 1571 1220 exorarier
1592 1181 1663 1221 zibs
1684 1185 1736 1228 te,

350 1228 406 1268 Ut
426 1229 530 1268 isti'ic
550 1230 741 1270 delictum
762 1232 932 1271 desistas
953 1235 1067 1271 tanto
1088 1234 1204 1283 &pere
1224 1233 1281 1272 ire
1301 1238 1596 1285 oppugnatum.
2029 1237 2134 1276 1170

1009 1314 1253 1355 N1cossULUs.

350 1364 401 1402 Ni
422 1365 556 1411 aberis,
579 1379 826 1417 quamquam
847 1370 892 1406 tu
912 1367 1017 1407 be'lla.
1037 1382 1092 1414 es,

350 1419 506 1458 Malum
527 1420 601 1460 tibi
620 1434 816 1472 magnum
837 1421 940 1462 dabo
959 1422 1055 1462 iztm.

1014 1504 1189 1543 BAccms
1218 1506 1266 1544 A.

1104 1559 1266 1605 Patiar;

350 1609 440 1648 Non
461 1610 612 1656 metuo,
635 1623 684 1650 ne
705 1611 801 1662 quid
822 1612 923 1650 mihi
944 1612 1091 1659 doleat,
1114 1613 1219 1663 quod
1242 1614 1376 1653 ferias.

1010 1694 1045 1732 N
1049 1708 1255 1735 IGOBULUS.

1429 1750 1486 1790 Ut
1506 1750 1830 1802 blandiloquast!

350 1799 402 1838 Ei
422 1800 538 1847 mihi,
561 1803 711 1840 metuo.

1006 1856 1181 1895 BAccffls
1213 1857 1254 1897 S.

726 1909 805 1949 Hic
825 1910 955 1959 magis
976 1911 1253 1961 tranquillust.

1003 1991 1176 2031 BAcoms
1206 1993 1254 2032 A.

349 2044 369 2082 I
388 2044 464 2084 hac
484 2045 643 2084 mecum
664 2045 785 2092 intro,
807 2048 928 2097 atque
948 2045 1016 2092 ibi,
1041 2047 1074 2086 s1'
1093 2047 1189 2097 quid
1210 2047 1286 2094 uis,
1309 2047 1439 2086 filium
1460 2048 1749 2099 concastigzito.
2030 2050 2131 2090 1175

220 2244 315 2276 1163.
347 2244 517 2284 flagitium
541 2246 592 2277 est
616 2247 707 2278 libri.
763 2246 885 2279 PHIL.
909 2246 975 2279 Db.
1035 2256 1121 2288 opus
1145 2247 1275 2279 uerbist
1298 2247 1339 2279 B.
1395 2247 1509 2279 uerbis
1533 2249 1584 2280 est
1607 2250 1746 2289 reliqui.
1801 2223 1920 2286 bratus
1944 2248 1980 2281 C.
2035 2250 2132 2283 1164.

131 2289 226 2319 tuost
250 2287 291 2320 B.
353 2291 413 2319 tuo
438 2291 489 2320 est
511 2290 649 2330 reliqui.
709 2299 810 2330 equm
833 2290 874 2322 B.
903 2300 1061 2359 Nequum
1086 2291 1156 2322 CD.
1213 2301 1339 2348 equum
1368 2291 1406 2324 Z.
1468 2292 1563 2324 1165.
1591 2292 1662 2324 BA.
1686 2302 1747 2324 om.
1776 2292 1846 2325 CD.
1920 2292 1985 2325 hae
2051 2295 2133 2325 eunt

130 2373 225 2396 eccas
242 2364 279 2396 C.
324 2363 389 2396 hac
406 2368 488 2397 eunt
504 2375 599 2398 eccas
616 2366 658 2398 D.
715 2366 780 2399 hac
796 2370 879 2400 eunt
935 2377 1031 2399 eccas
1047 2367 1113 2399 Db.
1175 2370 1241 2399 hac
1257 2370 1352 2401 eunt.
1377 2368 1467 2400 NIG.
1490 2377 1588 2400 eccas
1603 2368 1673 2400 FZ.
1738 2368 1853 2409 probri
1868 2369 2079 2410 perleoebrae
2092 2370 2132 2402 B.

130 2408 321 2448 perlecebre
352 2408 422 2440 CD.
500 2409 595 2442 1166.
633 2409 738 2442 etiam
767 2412 859 2443 libri.
937 2412 1032 2444 1167.
1070 2411 1142 2442 uim
1171 2411 1300 2443 maiore
1334 2412 1377 2443 D.
1453 2412 1526 2444 uim
1553 2411 1664 2444 maior
1692 2412 1729 2444 C.
1802 2412 1875 2444 uim
1899 2412 2066 2445 maiorem
2092 2413 2133 2446 B.

131 2452 253 2483 PHIL.
278 2452 347 2483 BF.
408 2451 445 2483 Ρ.
468 2453 532 2484 Db.
602 2453 696 2486 1168.
729 2453 834 2486 homo
861 2454 999 2495 quidem
1024 2464 1059 2486 es
1088 2455 1124 2486 C.
1194 2456 1289 2488 1169.
1323 2455 1364 2488 Β.
1381 2455 1446 2487 Db.
1514 2455 1644 2496 optime
1675 2455 1778 2488 BCD.
1837 2458 2009 2496 quantum
2032 2459 2064 2489 st
2091 2457 2132 2489 B.

130 2514 281 2551 quantus
301 2515 351 2544 est
373 2523 410 2544 or
432 2514 552 2553 quant‘
576 2501 597 2544 ἔ
617 2513 686 2544 CD.
733 2514 862 2546 interra
884 2514 957 2546 BD.
1004 2503 1137 2546 intereff
1160 2515 1197 2546 C.
1245 2514 1318 2547 sine
1343 2516 1436 2546 libri.
1482 2517 1653 2547 exorarier
1676 2515 1796 2547 Herm.
1844 2516 1940 2550 1170.
1965 2516 2068 2549 istu-c
2091 2517 2132 2548 B.

131 2558 229 2587 tanto
253 2565 352 2596 opere
376 2556 415 2588 B.
469 2559 648 2596 tantopere
672 2559 809 2598 reliqui.
877 2559 971 2591 1171.
1005 2558 1046 2589 N.
1071 2558 1136 2590 Db.
1193 2558 1237 2589 Ni
1262 2558 1302 2590 B.
1356 2558 1424 2590 nisi
1447 2560 1586 2599 reliqui.
1646 2559 1749 2591 abeas
1772 2559 1864 2592 BDc.
1917 2559 2045 2592 habeas
2068 2560 2132 2592 Da.

132 2598 220 2630 bella
239 2609 274 2631 es
299 2601 389 2631 libri.
438 2601 532 2632 1172.
556 2600 595 2631 B.
610 2600 673 2632 Db.
720 2601 836 2641 paciar
860 2601 897 2633 C.
945 2603 1039 2634 1173.
1065 2602 1106 2633 N.
1122 2601 1186 2633 Db.
1233 2601 1456 2642 blandiloqua
1473 2605 1524 2634 est
1543 2602 1612 2634 CD.
1659 2604 1690 2634 st
1713 2603 1755 2635 B.
1811 2603 1906 2636 1174.
1931 2603 2020 2635 NIC.
2038 2605 2130 2636 libri.

131 2659 238 2690 Bach.
256 2659 278 2690 i.
295 2659 389 2691 Acid.
445 2659 488 2690 Ei
510 2659 612 2692 BCD.
669 2660 708 2691 B.
724 2660 787 2692 Db.
847 2661 994 2694 SOROR
1017 2661 1057 2694 B.
1114 2661 1346 2701 tranquillum
1366 2651 1386 2694 ἒ
1411 2662 1480 2694 CD.
1549 2663 1644 2695 1175.
1673 2663 1689 2694 I
1713 2662 1724 2694 i
1747 2662 1813 2694 hac
1835 2663 1876 2695 B.
1937 2663 1948 2694 i
1972 2663 2038 2696 hac
2061 2663 2131 2696 OD.

132 2719 241 2759 adque
258 2719 321 2751 Da.
367 2722 469 2760 atque
490 2720 552 2778 De.
598 2720 644 2752 ibi
668 2720 824 2761 Pylades.
877 2721 958 2754 habi
981 2722 1046 2755 Da.
1091 2721 1148 2754 abi
1171 2722 1222 2754 Dc
1243 2732 1316 2754 cum
1339 2724 1492 2764 reliquis.
1537 2713 1556 2756 Ξ
1580 2724 1749 2763 castigato
1772 2723 1835 2756 Bb.
1878 2712 2070 2765 Egastigato
2093 2723 2130 2756 C.

134 2780 371 2820 congastigato
388 2780 429 2812 D.
475 2781 684 2821 cocastigato
703 2782 739 2813 Z.
