2346 3043
146 269 228 309 quid
244 270 347 303 faciat
365 272 471 303 auro?
497 273 572 303 331.

147 321 291 360 Quidem
308 332 396 361 meo,
420 324 495 356 391.

146 372 235 412 Quid
250 373 327 412 hoc,
343 384 411 413 qua
427 384 542 413 causa,
562 375 636 407 246.

147 424 235 464 Quid
247 424 312 457 hoc
322 427 372 457 est
383 427 534 465 negotii?
553 428 627 465 412,
646 428 741 459 1118.

146 475 228 514 quid
246 499 253 507 .
269 475 363 508 lubet
380 486 426 509 sc.
440 477 628 517 quidlubet,
646 479 719 510 861.
783 492 786 495 *

147 526 235 566 Quid
251 537 306 559 me
322 528 400 559 uis?
427 530 522 561 1154.

147 578 235 618 Quid
251 579 362 611 multa
374 580 389 611 ἲ)
414 581 510 612 1161.

145 629 227 668 quid
242 630 330 662 mihi
343 631 399 662 fiet
409 632 424 663 ‘2
449 633 524 665 357.

145 681 234 720 Quid
250 682 337 714 mihi
352 683 466 721 refert,
485 685 558 717 701.

145 733 234 773 Quid
251 757 259 766 .
275 744 370 773 nam,
388 736 483 767 1111.

144 784 234 824 Quid
249 795 319 817 non
336 786 439 819 fecit?
463 789 537 819 255.

144 835 233 875 Quid
249 836 403 877 parasti?
421 861 428 869 .
448 861 455 869 .
472 848 604 878 parare,
624 841 697 872 723.

144 886 234 926 Quid
249 889 393 928 postea?
420 890 493 922 724.

143 938 320 978 quidquid,
338 940 390 978 17,
408 942 481 973 992.

144 989 245 1035 Quid,
280 991 371 1030 quod
409 994 443 1023 te
481 992 572 1031 misi,
610 993 730 1033 ecquid
753 1002 760 1007 ·

187 1041 311 1081 egisti?
337 1044 411 1076 975.

144 1092 233 1132 Quid
251 1117 258 1124 .
276 1093 317 1132 si,
337 1096 388 1132 77,
407 1096 479 1133 728,
499 1096 594 1128 1186.

144 1143 232 1182 Quid
248 1146 286 1175 tu
302 1145 474 1184 loqueris?
499 1148 572 1180 717.

145 1194 233 1234 Quid
249 1195 369 1227 tibist?
395 1197 490 1229 1106.

144 1246 306 1286 Quidum,
324 1248 400 1280 463.

144 1298 244 1338 Quid,
261 1299 340 1331 uir?
364 1301 439 1333 847.

144 1350 232 1389 Quid
259 1350 372 1382 uerbis
403 1352 527 1392 opust?
558 1353 632 1391 480,
665 1354 739 1392 483,

188 1402 284 1433 1163.

143 1452 305 1492 Quinam,
324 1454 398 1485 231.

143 1503 233 1542 Quin
243 1503 326 1536 with
338 1504 452 1544 indic.,
467 1506 540 1544 309,
555 1507 627 1545 466,
642 1508 737 1539 1135.

143 1555 253 1594 Quine
270 1565 316 1588 sc.
333 1556 391 1596 qui
408 1567 461 1595 ne,
480 1559 555 1591 329.

142 1606 236 1645 quin,
254 1608 336 1646 2073
362 1609 548 1647 questions,
568 1611 641 1648 242,
663 1611 737 1648 667,

185 1659 265 1696 856;
291 1658 374 1690 with
389 1659 522 1700 imper.,
536 1663 610 1694 273.

143 1709 330 1750 Quippini?
354 1712 429 1743 834.

141 1760 266 1801 quippe
282 1762 352 1801 qui,
369 1763 445 1795 366.

143 1812 234 1852 Qui?
259 1823 356 1852 quae,
374 1815 448 1846 585.

141 1863 236 1903 Quis,
254 1865 347 1903 fem„
364 1867 438 1897 835.

141 1915 225 1954 Quis
242 1918 280 1948 tu
294 1917 352 1948 es?
377 1917 451 1949 602.

140 1968 323 2008 quisquam
339 1968 455 2007 homo,
473 1970 547 2002 618.

140 2019 206 2058 Qui
221 2019 358 2059 quidem
375 2020 490 2053 uideat
509 2031 643 2062 parum,
662 2024 735 2055 987.

139 2070 317 2110 quiquam,
335 2072 388 2103 31.

139 2122 213 2161 Quo
229 2123 397 2162 gentium,
414 2123 489 2155 826.

139 2173 251 2212 quoia,
269 2174 350 2214 adj„
369 2176 444 2208 943.

139 2224 346 2264 Quoianam,
363 2227 438 2259 974.

139 2276 236 2315 Quod
254 2277 354 2309 iubeo
375 2277 410 2309 id
431 2277 549 2316 facias,
568 2279 642 2317 984,
660 2280 734 2317 987,

182 2329 258 2361 989.

137 2380 229 2420 quoi,
246 2381 322 2412 423.

137 2431 448 2471 quoiquoiusmodi,
465 2433 541 2465 397.

136 2484 285 2523 quoiuis,
303 2484 355 2515 11.

137 2544 252 2574 quom,
268 2534 364 2566 relat.
380 2533 469 2572 adv.,
487 2535 539 2572 26,
557 2535 609 2567 57.

136 2585 463 2626 quoiatiszzluoias,
481 2587 534 2618 27.

136 2647 240 2677 quom
276 2637 407 2679 (temp.)
436 2637 520 2669 with
548 2636 648 2677 subj.‚
680 2638 733 2675 56,

181 2691 254 2727 138,
272 2690 346 2720 430.

137 2742 248 2780 Quom
265 2740 451 2780 extemplo,
469 2741 544 2772 301.

136 2792 247 2832 Quom
266 2791 421 2833 (causal),
439 2793 512 2829 335,
530 2793 604 2829 537,
625 2793 698 2824 921.

1054 152 1248 192 INDEX.

848 284 952 313 quom
978 275 1110 317 (temp.)
1132 277 1214 308 with
1238 277 1372 317 imperf.
1398 278 1448 310 in-

893 325 970 363 dic.,
985 327 1059 358 466.

848 376 1031 415 Quoniam,
1043 381 1062 394 “
1073 387 1148 409 now
1159 378 1271 417 that,”
1286 381 1359 418 287,
1372 382 1445 419 289,

892 428 966 460 296.

846 528 1026 566 Ramenta,
1046 531 1119 568 511,
1137 531 1212 564 677.

845 578 999 618 Rapidus
1016 580 1156 619 fluuius,
1174 584 1226 613 83.

845 629 944 660 rebus
961 632 1093 669 ceteris,
1112 633 1185 665 265.

843 680 957 712 Rebus
974 682 1063 720 aliis,
1082 684 1156 715 527.

843 732 1025 772 recipimus
1044 734 1119 775 (nos
1134 735 1304 777 subaud),
1324 738 1399 769 291.

843 783 961 821 recita,
981 786 1054 816 991.

842 833 949 866 Recta
966 839 1076 875 porta,
1093 838 1167 869 708.

843 888 932 917 recte
950 887 1066 919 ualet?
1092 889 1166 920 186.

842 937 980 975 rectius,
999 940 1072 970 728.

842 992 1108 1028 recuperatores,
1128 993 1201 1024 267.

841 1039 969 1070 redemi
991 1040 1102 1073 uitam
1124 1052 1163 1073 ex
1186 1043 1317 1083 flagitio
1334 1046 1442 1082 tuam,

890 1091 985 1124 1007.

841 1142 976 1180 reddas,
995 1145 1090 1177 1149.

841 1193 995 1232 redditis,
1014 1197 1110 1228 1166.

841 1255 949 1284 regas,
966 1247 1041 1279 491.

841 1296 964 1337 Regias
983 1322 990 1329 .
1008 1308 1207 1340 aureasque,
1225 1302 1299 1333 648.

840 1347 1005 1387 Relictus,
1025 1352 1099 1382 933.

839 1399 1029 1438 Relicuom,
1049 1403 1143 1435 1094.

839 1451 980 1491 remigio
998 1453 1103 1492 sequi,
1122 1456 1195 1486 286.

838 1502 923 1533 Rem
933 1504 1135 1535 mandatam
1145 1507 1354 1545 exsequitur,
1364 1508 1438 1540 473.

838 1557 1038 1593 remoretur,
1057 1558 1131 1588 530.

838 1615 1064 1643 renumerare,
1082 1608 1133 1643 44,
1153 1609 1226 1645 514,
1247 1610 1320 1641 609.

838 1656 1064 1697 Repetitions,
1084 1660 1157 1697 138,
1180 1661 1253 1698 208,
1274 1662 1346 1699 786,
1365 1663 1440 1700 953,

884 1710 959 1740 984.

838 1761 1066 1799 reperiuntur,
1086 1763 1160 1794 542.

837 1814 1218 1852 repetamzarcessam,
1237 1817 1310 1848 772.

836 1863 980 1903 repperi,
999 1865 1072 1896 563.

836 1913 983 1953 Reppuli
1000 1938 1007 1945 .
1025 1915 1135 1954 reieci,
1153 1918 1227 1955 634,
1246 1918 1320 1950 962.

836 1965 1020 2004 requiram,
1038 1968 1111 1998 528.

835 2017 968 2055 resciui‚
989 2020 1062 2055 777,
1080 2020 1154 2051 821.

835 2068 1021 2107 resciuerit,
1041 2072 1115 2102 355.

834 2119 900 2150 Res
917 2120 1011 2158 itast,
1031 2123 1105 2153 718.

834 2181 985 2203 ΥΕΞΞ1Ὲ5
1001 2172 1197 2211 familiaris,
1216 2175 1289 2206 192.

834 2224 1022 2255 reuenisses
1033 2224 1132 2265 (subj.
1142 2226 1346 2267 explained),
1357 2228 1431 2258 428.

833 2274 977 2313 reuenit,
994 2276 1091 2316 perf„
1109 2277 1183 2314 607,
1203 2277 1300 2308 1062.

832 2326 1091 2365 Reuorsionem,
1110 2329 1184 2360 293.

833 2378 908 2416 rite,
926 2379 1000 2410 454.

832 2429 972 2468 riuales,
991 2431 1086 2462 1212.

832 2481 969 2520 Rogas?
994 2483 1068 2518 203,
1087 2483 1160 2520 213,
1179 2484 1254 2515 975.

831 2532 994 2570 Rursum,
1014 2534 1087 2565 291.

833 2644 939 2673 sacer,
958 2637 1031 2668 779.

833 2686 955 2718 Saluos
973 2688 1019 2718 sis
1036 2697 1082 2719 sc.
1101 2687 1206 2725 saiue,
1225 2689 1299 2726 453,
1317 2690 1390 2721 537.

833 2738 950 2769 Salute
967 2741 1095 2776 nostra,
1115 2739 1210 2770 1066.

832 2790 990 2828 salutem,
1007 2791 1081 2828 242,
1100 2792 1173 2828 727,
1192 2792 1265 2822 996.

2072 163 2150 203 227

1550 281 1655 319 salus,
1673 283 1748 314 874.

1550 332 1704 364 Samiam
1721 333 1870 373 quidem,
1890 336 1962 368 197.

1550 383 1681 422 Sanun,
1700 385 1774 417 567.

1549 434 1726 474 Sapienter
1737 436 1860 474 facere,
1873 439 1946 475 292,
1959 439 2034 476 334,
2052 440 2147 471 1164.

1550 485 1641 517 Satis
1658 485 1894 526 historiarum,
1915 490 1987 521 156.

1547 537 1668 576 satius,
1686 540 1760 571 392.

1547 588 1646 620 Satin
1665 591 1728 621 ut?
1752 591 1827 621 488.

1546 639 1669 678 satine,
1684 641 1757 678 507,
1776 642 1870 679 1201,
1890 643 1983 674 1204.

1547 690 1646 722 Satin
1666 715 1672 723 .
1692 693 1731 729 si,
1752 693 1825 723 906.

1547 742 1716 781 sauciant,
1734 745 1787 775 62.

1546 794 1738 832 saeuitudo,
1757 796 1808 826 22.

1546 844 1695 883 sanium,
1713 847 1765 879 47.

1546 896 1738 936 scaphium,
1756 898 1807 929 68.

1546 947 1665 985 scelus,
1686 949 1779 986 1091,
1799 951 1893 982 1176.

1545 999 1669 1030 scelera
1688 1023 1694 1030 .
1713 1003 1785 1038 tua,
1804 1003 1876 1034 777.

1545 1050 1720 1088 scelestus,
1739 1053 1811 1089 779,
1831 1054 1904 1085 849.

1544 1101 1709 1133 scelerum
1725 1105 1837 1143 caput,
1856 1106 1930 1135 824.

1546 1152 1637 1184 Scite
1652 1152 1775 1192 hercle,
1793 1156 1867 1186 300.

1546 1203 1678 1235 Scitum
1695 1205 1795 1244 istuc,
1814 1208 1887 1238 206.

1544 1255 1666 1294 sciens,
1685 1257 1760 1289 570.

1544 1307 1624 1345 scio,
1642 1309 1867 1348 parenthetic,
1882 1312 1956 1349 635,
1976 1312 2072 1345 1075.

1543 1359 1665 1399 scopis,
1687 1360 1716 1391 1.

1543 1411 1705 1448 scortum,
1726 1412 1777 1449 70,
1796 1414 1869 1445 739.

1542 1463 1695 1492 scortum
1711 1462 1908 1501 adcumbas,
1927 1465 2021 1497 1190.

1542 1514 1638 1543 scuto
1659 1513 1767 1554 (pun),
1787 1515 1838 1546 70.

1541 1573 1575 1594 se
1594 1588 1600 1595 .
1621 1588 1627 1593 .
1645 1568 1812 1604 capessat,
1832 1567 1905 1604 111,
1924 1568 2019 1600 1073.

1540 1618 1680 1653 secreto,
1701 1617 1795 1654 1148,
1815 1618 1910 1650 1153.

1541 1668 1678 1705 sectere,
1698 1668 1748 1699 10.

1541 1717 1606 1749 Sed
1623 1720 1750 1756 autem,
1768 1720 1842 1750 518.

1541 1769 1606 1801 Sed
1625 1769 1898 1812 (continuative),
1918 1772 2013 1804 1155.

1542 1820 1606 1851 Sed
1624 1830 1683 1859 ego
1701 1830 1766 1859 me,
1785 1823 1859 1854 390.

1541 1871 1608 1903 Sed
1625 1874 1674 1910 tu,
1692 1873 1766 1905 417.

1540 1922 1669 1960 sedulo,
1688 1924 1761 1961 472,
1779 1924 1853 1962 474,
1871 1926 1945 1958 866.

1540 1974 1634 2011 sella,
1650 1976 1724 2006 429.

1539 2034 1666 2062 senem,
1685 2026 1833 2066 “aged,’'
1852 2029 1926 2059 259.

1539 2076 1661 2114 sentio,
1676 2087 1762 2117 pres.
1780 2078 1914 2117 histor„
1932 2081 2006 2112 287.

1539 2128 1750 2168 septuennis,
1769 2130 1843 2162 437.

1479 2199 1482 2220 ἱ
1537 2182 1742 2218 seruaretur,
1784 2181 1933 2220 protasis
1980 2183 2137 2221 omitted,

1581 2232 1656 2262 311.

1537 2284 1660 2319 seruet,
1681 2282 1776 2314 1061.

1538 2332 1712 2370 Sescenta,
1731 2334 1826 2365 1030.

1536 2383 1612 2421 sibi,
1631 2385 1682 2416 17.

1535 2433 1595 2472 sic,
1612 2435 1686 2473 665,
1702 2437 1796 2473 1001,
1813 2437 1907 2476 1097,
1920 2439 2015 2476 1121,
2031 2439 2133 2476 1188;

1579 2486 1777 2525 demonstr.,
1793 2489 1867 2526 672,
1885 2490 1959 2522 767.

1534 2536 1583 2568 sic
1600 2537 1673 2569 sine
1690 2538 1838 2577 adstent,
1858 2541 1953 2571 1132.

1535 2588 1590 2621 Sic
1608 2591 1658 2627 ut,
1671 2591 1724 2628 32,
1741 2592 1815 2628 550,
1835 2592 1908 2629 710,
1927 2593 2000 2624 715.

1535 2640 1570 2671 Si
1595 2650 1650 2672 ero
1674 2641 1897 2681 reprehensus
1922 2646 2035 2675 macto
2067 2644 2132 2685 (ex—

1575 2692 1668 2731 plan.
1687 2693 1746 2734 of),
1761 2694 1836 2725 361.

1533 2743 1561 2773 si
1578 2753 1637 2782 ego
1654 2744 1689 2774 in
1706 2744 1792 2775 istoc
1809 2745 1874 2776 sim
1892 2745 1976 2783 loco,
1995 2747 2090 2778 1035.

1533 2793 1609 2831 siet,
1626 2795 1701 2831 458,
1719 2796 1793 2833 595,
1811 2797 1885 2834 822,
1903 2798 1976 2834 985,
1996 2798 2090 2829 1033.
