2346 3043
928 162 1030 201 ACT
1072 161 1142 200 IV.
1230 161 1406 200 SCENE
1450 160 1520 199 IV.
2161 164 2207 202 51

510 324 520 336 Ι
1071 281 1371 319 MNES1LOCH1JS.

498 339 680 386 Aequom
703 335 814 375 dicis.

1100 388 1345 427 CHRYSALUS.
1404 404 1411 408 >

874 442 979 481 Cedo
1001 442 1183 481 tabellas.

1073 512 1373 551 MNESILOCHUS.

1236 562 1392 625 Accipe.

1102 646 1348 685 CHRYSALUS.

1465 699 1658 737 Animum
1679 699 1890 744 aduertite,

498 755 745 794 Mnesiloche
767 758 805 794 et
825 758 870 794 tu
892 755 1122 800 Pistoclere,
1145 754 1227 792 izim
1249 753 1368 793 facite
1389 753 1430 791 in
1451 752 1614 792 bich'nio
2139 754 2217 794 750

499 808 602 848 Cum
623 809 753 848 amica
774 822 846 848 sua
867 810 1033 858 uterque
1053 808 1287 847 adcubitum
1309 807 1423 853 eatis,
1446 807 1503 846 ita
1523 806 1782 857 negotiumst‚

500 859 630 921 Atque
651 870 812 917 ibidem,
835 870 902 910 ubi
923 870 1031 910 nunc
1052 874 1146 910 sunt
1167 870 1259 909 lecti
1280 869 1410 915 strzi-ti,
1432 869 1577 920 potetis
1598 868 1690 909 cito.

1085 941 1369 979 PISTOCLERUS.

500 994 707 1045 Numquid
727 995 865 1034 aliud?

1103 1048 1349 1087 CHRYSALUS.

905 1102 1006 1147 Hoc,
1029 1104 1147 1151 atque
1169 1102 1309 1141 etiam:
1345 1101 1413 1140 ubi
1433 1101 1508 1139 erit
1529 1099 1762 1139 adcubitum
1784 1099 1919 1145 semel,

502 1157 537 1195 N
541 1157 560 1196 e
580 1169 783 1207 quoquam
804 1156 1043 1206 exsurgatis,
1066 1156 1191 1195 donec
1212 1158 1234 1195 ἐι
1255 1168 1318 1194 me
1339 1155 1413 1194 erit
1434 1153 1595 1204 signum
1616 1154 1769 1193 datum.

1086 1226 1370 1265 PJSTOCLERUS.

502 1281 535 1320 O
555 1280 823 1332 inperatorem
845 1280 1033 1331 probum!

1105 1334 1351 1373 CHRYSALUS.

1094 1388 1183 1426 Iam
1203 1387 1264 1426 bis
1284 1387 1430 1426 bibisse
1451 1386 1640 1437 oportuit.
2144 1387 2219 1425 755

702 1508 704 1510 ¹
1078 1458 1380 1496 MNESILOCHUS.

504 1512 738 1563 Fugiamus.

1106 1565 1352 1604 CHRYSALUS.

774 1619 857 1658 Uos
879 1620 1061 1658 nostrum
1082 1623 1218 1658 curate
1239 1619 1427 1664 officium,
1451 1631 1522 1668 ego
1543 1617 1722 1657 ecficiam
1742 1630 1891 1656 meum.

504 1674 703 1713 Insanum
724 1686 919 1724 magnum
939 1673 1082 1711 molior
1103 1673 1309 1723 negotium

504 1728 733 1778 Metuoque,
756 1731 801 1766 ut
820 1727 939 1765 hodie
959 1727 1131 1777 possiem
1153 1727 1366 1765 emoh'rier.

507 1782 585 1821 Sed
605 1782 715 1820 minc
735 1781 964 1820 truculento
985 1780 1040 1818 mi
1063 1783 1181 1830 {itque
1203 1793 1322 1819 saeuo
1344 1780 1440 1819 usus
1462 1783 1614 1824 senest;

506 1836 610 1874 Nam
630 1837 712 1874 non
732 1835 920 1874 conducit
940 1834 1056 1873 huice
1078 1834 1367 1884 sucophantiae
2145 1830 2222 1870 760

509 1890 654 1929 Senem
676 1889 941 1939 tranquillum
961 1889 1059 1934 esse,
1082 1887 1150 1926 ubi
1172 1901 1235 1926 me
1256 1887 1494 1937 adspexerit.

507 1943 690 1982 Uorsz'ibo
711 1956 783 1993 ego
803 1943 919 1981 illum
940 1942 1070 1987 hodie,
1094 1943 1126 1980 si
1147 1941 1255 1987 uiuo,
1278 1941 1412 1991 probe.

507 1997 607 2035 Tam
628 1997 792 2036 frictum
813 2009 886 2046 ego
905 1996 1021 2034 illum
1041 1996 1220 2041 reddam,
1242 2008 1363 2045 quam
1384 1994 1587 2033 frictumst
1607 1993 1721 2032 cicer.

504 2050 785 2089 Adambulabo
806 2051 856 2089 ad
876 2049 1038 2095 ostium,
1061 2053 1119 2093 ut,
1141 2049 1301 2099 quando
1321 2050 1447 2093 exeat,

505 2105 722 2154 Extemplo
743 2104 975 2143 aduenienti
995 2104 1030 2142 ei
1053 2103 1220 2141 tabellas
1241 2103 1331 2140 dem
1353 2103 1394 2140 1'n
1415 2114 1596 2140 manum.
2143 2099 2219 2138 765

323 2200 397 2233 749.
422 2199 559 2232 MNES.
575 2200 643 2231 FZ.
689 2200 802 2232 PIST.
826 2200 926 2231 BCD.
972 2199 1111 2239 Equum
1135 2199 1235 2230 BCD.
1282 2198 1436 2237 Aequum
1455 2196 1492 2227 Z.
1555 2196 1628 2228 750.
1652 2197 1690 2226 ut
1706 2195 1770 2225 Da.
1829 2195 1902 2227 751.
1926 2193 2101 2225 acubitum
2120 2191 2219 2224 BCD.

236 2242 338 2292 etatis
361 2243 480 2275 Dan.
526 2243 701 2283 negotium
728 2246 758 2275 st
783 2244 824 2275 B.
869 2243 1047 2282 negotium
1072 2244 1122 2274 est
1146 2242 1215 2273 CD.
1277 2242 1350 2274 752.
1375 2239 1433 2271 ubi
1460 2248 1552 2270 nunc
1575 2238 1643 2269 BC.
1690 2237 1747 2269 ubi
1770 2237 1812 2269 D.
1865 2236 1945 2269 tecti
1969 2237 2006 2269 G.
2051 2235 2136 2268 scire
2160 2236 2218 2267 Ca.

238 2304 312 2336 753.
335 2302 400 2334 hoo
422 2305 525 2343 atque
547 2303 653 2335 etiam
678 2305 769 2335 libri.
816 2303 992 2335 aeubitum
1016 2302 1084 2334 BC.
1143 2303 1216 2335 754.
1241 2299 1433 2339 exsurgatis
1457 2299 1497 2330 B.
1544 2297 1716 2337 exurgatis
1733 2298 1870 2337 reliqui.
1927 2297 2000 2329 755.
2024 2296 2080 2328 ΡΙ.
2096 2306 2157 2327 om.
2182 2295 2218 2327 C.

237 2346 264 2378 O
280 2356 332 2378 om
354 2346 417 2378 Ba.
463 2347 491 2378 O
507 2347 566 2378 Bc.
613 2347 773 2379 CHRYS.
791 2346 887 2378 Acid.
933 2346 1045 2377 PIST.
1065 2347 1153 2377 libri.
1216 2345 1289 2377 756.
1316 2343 1453 2374 MNES.
1469 2342 1568 2373 BFZ.
1615 2351 1677 2373 om.
1694 2340 1731 2372 C.
1776 2339 1889 2372 PIST.
1903 2339 1944 2371 D.
1989 2339 2086 2378 Euge
2101 2348 2219 2371 eamus

237 2389 465 2421 Camerarius.
510 2390 700 2428 Fugiamus
717 2392 807 2421 libri.
854 2399 916 2421 uos
933 2392 1090 2420 nostrum
1106 2390 1222 2420 curate
1233 2386 1383 2419 officium
1401 2387 1492 2417 libri.
1538 2384 1688 2416 officium
1703 2394 1764 2415 om.
1781 2383 1898 2415 Herm.
1916 2382 1956 2414 R.
1995 2392 2054 2421 ego
2070 2381 2219 2414 ecficiam

236 2432 338 2464 BCD.
364 2432 621 2466 CHRISALUS
636 2432 1022 2466 SERUUSB.om.CD.
1057 2431 1243 2472 Chrysalus
1253 2431 1321 2461 FZ.
1350 2429 1455 2462 Scene
1466 2427 1650 2460 continued
1665 2426 1798 2469 (Bothe,
1809 2425 2104 2466 R.‚Fleck,Uss.).
2145 2426 2217 2458 757.

236 2480 350 2524 nsanfi
379 2481 470 2532 agnfi
497 2492 534 2523 G.
588 2492 709 2524 insane
735 2502 900 2532 magnum
924 2491 1048 2524 Bothe.
1094 2491 1294 2522 “Insanum
1317 2499 1378 2530 pro
1400 2488 1498 2538 yalde
1525 2496 1690 2527 magnum
1715 2495 1798 2518 usus
1823 2487 1873 2518 est
1898 2485 2070 2517 Plautus'’
2095 2484 2218 2516 Festus

1384 2540 1408 2557 n

237 2567 348 2606 Pauli,
370 2577 405 2608 p.
430 2568 504 2600 113.
566 2569 639 2602 758.
663 2568 813 2609 possiem
836 2569 878 2601 B.
932 2567 1060 2609 possim
1085 2568 1223 2608 reliqui.
1269 2565 1408 2598 emolier
1430 2565 1470 2596 B.
1516 2562 1699 2596 emollit-ier
1713 2562 1752 2593 F.
1799 2563 1873 2595 759.
1897 2571 1977 2593 seuo
1993 2560 2093 2592 BCD.
2139 2569 2217 2592 sene

237 2614 269 2643 st
284 2611 325 2643 B.
371 2621 449 2643 sene
464 2613 515 2643 est
531 2613 667 2652 reliqui.
715 2613 788 2645 760.
813 2622 883 2644 non
907 2622 968 2643 om.
994 2612 1029 2643 C.
1076 2610 1158 2642 huic
1183 2611 1275 2641 libri.
1321 2608 1421 2640 huice
1444 2608 1484 2638 R.
1530 2616 1622 2638 nunc
1647 2605 1726 2637 huic
1744 2604 1970 2637 Camerarius.
2017 2603 2217 2635 sicofantiae

237 2654 278 2686 B.
323 2654 537 2695 sicophantie
554 2655 624 2687 CD.
670 2655 893 2712 sycophantie
909 2655 977 2686 FZ.
1023 2653 1269 2694 sucophantiae
1285 2652 1325 2683 R.
1372 2652 1445 2684 761.
1469 2659 1552 2688 esse,
1569 2649 1627 2681 ubi
1649 2659 1704 2680 me
1722 2650 1812 2680 libri.
1857 2657 1941 2685 esse,
1958 2647 2015 2679 ubi
2031 2656 2084 2678 me
2099 2649 2218 2678 eontra

237 2729 279 2761 R.
324 2728 374 2760 mi
389 2739 472 2769 esse,
489 2731 547 2763 ubi
571 2731 629 2763 nbi
641 2741 696 2763 me
720 2732 839 2764 Herm.
895 2732 968 2764 762.
993 2729 1135 2762 uersabo
1159 2731 1250 2761 libri.
1296 2728 1394 2760 illum
1410 2726 1511 2759 hodie
1528 2726 1601 2757 BD.
1654 2700 1746 2757 htijdie
1770 2725 1868 2757 illum
1892 2724 1928 2757 C.
1975 2725 2047 2757 763.
2078 2724 2215 2756 frictum

239 2774 290 2805 est
307 2773 399 2806 libri.
445 2775 519 2807 764.
543 2774 697 2807 hostium
715 2777 808 2807 libri.
