2346 3043
870 162 973 201 ACT
1015 161 1069 200 II.
1157 161 1335 200 SCENE
1379 160 1434 200 ΙΙ.
2096 165 2144 202 19

1012 281 1297 320 PISTOCLERUS.

861 335 1006 381 Immo,
1030 335 1236 385 Chrysam,
1258 335 1351 373 hem
1373 347 1453 373 non
1475 335 1680 373 tantulum

536 390 740 440 Umquam
761 389 994 428 intermittit
1014 389 1186 439 tempus,
1209 389 1307 439 quin
1328 401 1419 427 eum
1440 388 1634 427 nominet.

1033 459 1278 498 CHRYSALUS.

537 513 667 552 Tanto
687 513 819 553 hercle
840 513 980 552 melior

1013 566 1297 626 PlslTooLERUS.

1074 629 1206 667 Immo

1031 692 1277 732 CHRYSALUS.

1167 756 1171 759 ·
1234 747 1366 785 Immo
1387 745 1518 785 hercle
1540 744 1674 785 abiero

536 800 691 841 Potius.

1014 853 1298 892 PlsrocLERrs.

753 909 861 947 Num
882 908 1038 947 inuitus
1058 908 1142 946 rem
1163 907 1262 946 bene
1284 910 1438 957 gestam
1459 907 1574 945 audis
1595 908 1678 946 eri?

1033 972 1279 1011 CHRYSALUS.

538 1028 628 1066 Non
649 1028 753 1073 erus,
777 1027 845 1066 sed
865 1030 974 1066 actor
995 1026 1096 1064 nn'hi
1118 1039 1184 1064 cor
1204 1026 1295 1064 odio
1317 1024 1482 1063 sauciat.
2071 1025 2149 1063 210

538 1082 677 1120 Etiam
698 1081 927 1131 Epidicum,
950 1093 1070 1130 quam
1092 1093 1163 1129 ego
1185 1079 1364 1117 fabulam
1386 1092 1509 1128 aequo
1529 1091 1574 1117 ac
1594 1092 1658 1117 me
1678 1079 1810 1129 ipsum
1832 1091 1936 1123 amo,

538 1135 704 1173 Nullam
724 1136 848 1184 aeque
868 1134 1023 1172 inuitus
1046 1134 1192 1183 specto,
1217 1133 1249 1171 si
1270 1133 1352 1182 agit
1374 1133 1512 1171 Pellio.

541 1188 619 1229 Sed
639 1189 811 1228 Bacchis
832 1189 954 1227 etiam
972 1188 1089 1241 ssoi‘tis
1110 1186 1183 1225 tibi
1203 1187 1332 1239 uiszist
1347 1188 1364 1223 ἱ)

1016 1246 1300 1290 PISTOCLERUS.

1454 1305 1615 1354 Rogas?

541 1361 593 1400 Ni
614 1363 787 1400 nanctus
809 1360 1008 1399 Uenerem
1029 1372 1157 1398 essem
1178 1359 1283 1397 hanc
1304 1358 1502 1397 Iunonem
1524 1358 1709 1397 dicerem.

1038 1425 1283 1464 CHRYsALus.

542 1480 709 1530 Edepol,
733 1479 994 1524 Mnesiloche,
1017 1482 1061 1517 ut
1082 1479 1187 1517 hanc
1205 1492 1289 1516 rem
1310 1480 1449 1514 natam
1470 1489 1554 1515 esse
1575 1475 1777 1526 intellego,
2073 1476 2150 1513 215

542 1534 657 1580 Quod
677 1534 800 1578 ames,
823 1536 1061 1582 paratumst,
1084 1533 1188 1581 quod
1208 1533 1289 1577 (les,
1312 1531 1518 1568 inuentost
1539 1543 1651 1580 opus.

543 1588 647 1626 Nam
668 1587 767 1626 istoc
788 1587 956 1625 fortasse
977 1589 1161 1625 aurumst
1181 1587 1293 1635 opus.

1020 1651 1303 1688 PISTocLERUs.

1293 1704 1501 1755 Philippeo
1522 1704 1697 1755 quidem.

1039 1758 1284 1797 CHRYSALUS.

543 1815 673 1864 Atque
693 1814 738 1852 eo
759 1813 927 1852 fortasse
947 1812 1028 1850 iam
1049 1813 1147 1861 opus
1168 1814 1241 1850 est.

1018 1876 1302 1915 PISTOCLERUS.

1242 1930 1373 1968 Immo
1394 1929 1516 1968 etiam
1536 1929 1667 1979 prius3

544 1986 648 2024 Nam
669 1986 750 2024 iam
770 1984 849 2023 huc
870 1984 1056 2023 adueniet
1076 1983 1205 2029 miles,
1228 1986 1266 2021 et
1286 1984 1400 2021 miles
1421 1983 1580 2033 quidem

545 2040 623 2086 Qui
643 2040 691 2078 cle
713 2038 942 2078 amittunda
962 2037 1162 2076 Bacchide
1183 2049 1326 2074 aurum
1347 2037 1412 2075 hic
1433 2036 1569 2086 exigit.
2073 2033 2150 2071 220

1039 2103 1284 2141 CHRYSALUS.

545 2158 708 2203 Ueniz'ii,
730 2157 890 2207 quando
911 2156 1009 2201 uolt,
1033 2158 1151 2205 atque
1173 2155 1230 2192 ita
1250 2168 1299 2192 ne
1320 2155 1419 2191 mihi
1437 2155 1487 2192 sit
1507 2167 1656 2192 morae.

544 2212 666 2250 Domi
686 2215 764 2256 est;
796 2224 877 2249 non
897 2210 1033 2248 metuo
1054 2221 1125 2247 nec
1146 2209 1361 2257 quoiquam
1384 2207 1575 2257 supplico,

258 2331 332 2363 206.
356 2329 501 2362 chrisale
513 2340 528 2362 e
545 2340 628 2361 corr.
644 2329 684 2360 B.
724 2328 870 2360 chrisale
882 2327 961 2358 hem
977 2336 1046 2358 non
1065 2327 1156 2357 libri.
1195 2325 1382 2356 tantullum
1399 2325 1437 2356 F.
1484 2326 1558 2356 208.
1580 2323 1666 2355 ercle
1683 2324 1755 2355 BD.
1794 2321 1913 2354 melior
1925 2320 2042 2353 bachis
2060 2321 2149 2351 libri.

171 2373 290 2407 bachis
319 2384 380 2406 orn.
411 2373 559 2405 Bothius
590 2372 710 2404 Herm.
771 2372 844 2403 209.
875 2373 1006 2410 gestam
1034 2372 1069 2417 a—t
1100 2369 1198 2400 audis
1228 2369 1268 2399 B.
1316 2369 1389 2400 210.
1421 2377 1497 2399 erus
1528 2367 1628 2399 BCD.
1680 2376 1733 2398 res
1763 2365 1922 2397 Bothius.
1973 2363 2079 2395 michi
2108 2363 2149 2394 D.

171 2457 304 2490 sauciat
329 2468 345 2490 e
375 2468 458 2490 corr.
486 2457 527 2489 B.
573 2457 647 2488 211.
679 2465 763 2496 eque
789 2455 888 2487 BCD.
936 2455 1008 2485 212.
1038 2463 1121 2494 eque
1147 2453 1248 2484 BCD.
1293 2428 1342 2483 agit
1370 2452 1411 2483 D.
1463 2451 1565 2492 pellio
1588 2451 1688 2483 BCD.
1746 2451 1820 2481 213.
1847 2448 1952 2480 etiam
1979 2447 2083 2479 etiam
2109 2446 2150 2478 B.

170 2510 280 2542 uisast
295 2509 336 2542 B.
382 2509 457 2540 uisa
470 2510 520 2540 est
535 2509 673 2548 reliqui.
730 2507 804 2538 214.
831 2508 979 2537 nanctus
991 2505 1092 2536 BCD.
1139 2504 1283 2535 dicerem
1308 2505 1399 2534 libri.
1457 2504 1531 2534 215.
1558 2501 1770 2534 mnesilokhe
1786 2501 1826 2532 B.
1871 2498 2073 2531 mnesilolhe
2088 2498 2150 2529 Ba·

171 2552 261 2584 hanc
275 2562 347 2584 rem
363 2554 483 2583 natam
499 2561 572 2583 esse
590 2552 681 2582 libri.
726 2560 798 2582 rem
814 2552 933 2581 natam
947 2559 1019 2580 esse
1037 2549 1073 2579 C.
1129 2548 1202 2579 216.
1230 2549 1390 2587 paratum
1409 2548 1440 2578 st
1456 2546 1495 2577 B.
1542 2548 1701 2586 paratum
1725 2547 1775 2576 est
1798 2544 1934 2583 reliqui.
1979 2540 2068 2581 quod
2092 2540 2150 2571 des

172 2606 187 2627 e
211 2605 294 2628 corr.
316 2596 357 2627 B.
403 2595 545 2627 inuento
570 2596 601 2626 st
624 2594 664 2625 B.
710 2593 854 2624 inuento
878 2594 928 2624 est
952 2593 1078 2631 reliqui
1131 2592 1204 2623 217.
1236 2589 1314 2621 istic
1336 2590 1404 2620 FZ.
1451 2589 1536 2620 istoc
1559 2589 1659 2620 BCD.
1712 2596 1834 2619 aurum
1861 2588 1912 2618 est
1938 2593 2023 2624 opus
2049 2583 2149 2614 BCD.

171 2648 255 2670 auro
271 2640 322 2670 est
339 2648 425 2678 opus
440 2638 508 2669 FZ.
554 2639 671 2668 aurost
688 2646 773 2676 opus
789 2636 830 2667 R.
876 2635 1053 2675 Philippeo
1070 2634 1137 2665 FZ.
1182 2633 1336 2672 Filippeo
1352 2632 1452 2663 BCD.
1499 2633 1572 2663 218.
1596 2631 1664 2662 iam
1682 2640 1768 2670 opus
1783 2632 1833 2661 est
1851 2630 1941 2660 libri.

260 2683 334 2714 219.
358 2684 390 2713 et
414 2681 513 2712 miles
536 2680 685 2720 quidem.
709 2680 890 2711 Pistoclero
915 2680 1112 2709 continuant
1131 2678 1221 2708 libri.
1263 2677 1423 2716 Chrysalo
1443 2676 1561 2706 tribuit
1580 2675 1789 2710 Gulielmius,
1805 2673 1959 2711 Bentley.
2005 2671 2036 2701 et
2053 2668 2150 2700 miles

173 2724 334 2764 quidem?
358 2725 515 2764 Bentley.
562 2724 636 2755 220.
661 2722 875 2754 admittenda
892 2721 981 2753 CbZ.
1028 2721 1101 2751 221.
1127 2719 1244 2751 ueniat
1262 2720 1353 2750 libri.
1400 2718 1474 2749 uult
1507 2719 1597 2749 libri.
1643 2726 1686 2748 ne
1715 2715 1802 2747 mihi
1826 2714 1954 2746 BCDF.
1999 2721 2091 2743 more
2108 2711 2149 2743 D.

174 2777 269 2825 more
286 2767 323 2799 0.
375 2769 448 2799 222.
480 2766 582 2798 Domi
599 2768 630 2798 st
647 2766 687 2797 B.
740 2765 833 2797 domi
849 2767 901 2797 est
917 2766 1053 2803 reliqui.
1105 2772 1167 2794 nee
1183 2762 1367 2801 quoiquam
1384 2761 1424 2793 B.
1470 2770 1531 2792 nec
1546 2760 1706 2800 cuiquam
1723 2760 1857 2797 reliqui.
1903 2755 2055 2795 subplico
2072 2754 2114 2786 D.
