2346 3043
871 139 974 178 AG'r
1018 140 1088 178 IV.
1176 139 1353 180 SGENE
1399 141 1514 180 VIII.
2131 148 2180 185 63

362 259 467 298 Nam
487 258 640 298 dudum
660 258 788 309 primo
809 260 853 297 ut
873 258 1053 297 dixeram
1072 260 1209 298 nostro
1231 260 1315 298 seni
1336 260 1592 299 mendacium

361 313 418 352 Et
437 313 485 352 de
504 312 661 363 hospite
681 314 720 351 et
740 312 788 351 de
808 325 906 351 auro
926 313 965 351 et
984 312 1032 350 de
1052 312 1197 357 lembo,
1218 313 1272 351 ibi
1293 314 1453 362 signum
1474 327 1521 352 ex
1541 327 1630 353 arce
1651 315 1731 353 iam
1753 316 1913 354 abstuli.

360 367 449 406 Iam
469 366 548 405 duo
567 365 775 405 restabant
794 365 880 405 fata
899 369 1008 411 tunc,
1031 378 1104 405 nec
1123 366 1254 415 magis
1274 367 1314 404 id
1334 380 1515 416 ceperam
1536 369 1740 418 oppidum.

360 421 457 459 Post
476 419 545 459 ubi
565 419 736 459 tabellas
756 419 806 459 ad
828 432 964 458 senem
984 419 1124 464 detuli,
1147 419 1201 458 ibi
1222 420 1347 459 occidi
1368 421 1563 466 Troilum,
2103 428 2177 463 955

361 473 491 521 Quom
511 473 668 514 consuit
688 473 985 512 Mnesilochum
1006 486 1098 512 cum
1119 487 1240 512 uxore
1261 475 1346 512 esse
1366 474 1518 513 dudum
1538 475 1694 514 militis.

358 527 421 566 Ibi
441 528 509 566 uix
528 540 593 566 me
612 527 784 572 exsolui;
819 530 938 576 atque
957 527 998 565 id
1018 527 1210 577 periclum
1231 528 1443 573 adsimulo,
1467 528 1628 566 Ulixem
1650 532 1693 567 ut
1714 530 1945 579 prztedicant

360 581 578 631 Cognitum
598 580 647 619 ab
668 580 826 619 Helena
846 582 930 619 esse
950 581 1154 630 proditum
1176 581 1378 620 Hecubae.
1438 582 1515 621 Sed
1536 586 1580 620 ut
1601 583 1697 621 olim
1718 583 1784 621 ille
1806 597 1845 621 se

358 635 576 674 Blanditiis
596 634 742 673 exemit
762 638 800 673 et
821 635 1035 684 persuasit,
1058 648 1099 674 se
1120 638 1164 673 ut
1184 635 1399 679 amitteret,

357 689 462 727 Item
478 689 550 738 ego
570 688 673 727 dolis
693 701 757 726 me
777 688 845 727 illo
865 688 991 727 extuli
1011 701 1031 726 e
1051 689 1197 738 periclo
1217 692 1256 726 et
1276 689 1411 738 decepi
1432 701 1581 727 senem.
2101 693 2178 730 960

357 742 455 781 Post
475 742 567 781 cum
587 742 803 792 magnifico
823 742 966 788 milite,
988 742 1106 781 urbes
1126 742 1258 781 ue'rbis
1278 742 1345 792 qui
1366 742 1545 781 inermus
1566 743 1683 793 capit,

358 796 532 835 Conflixi
551 799 671 846 atque
691 796 899 835 hominem
919 796 1095 846 reppuli;
1127 796 1219 834 dein
1240 796 1417 846 pugnam
1440 798 1623 835 conserui
1645 797 1741 835 seni.

357 850 465 888 Eum
487 850 559 900 ogo
579 850 678 889 adeo
698 862 779 888 uno
799 850 1007 888 mendacio
1028 850 1170 895 deuici,
1192 863 1273 888 uno
1294 850 1376 888 ietu
1397 850 1624 899 extempulo

358 903 455 954 Cepi
475 903 614 953 spolia.
671 903 713 942 Is
733 903 842 943 nunc
862 904 1055 942 ducentos
1075 903 1264 942 nummos
1285 903 1493 953 Philippos
1513 904 1646 949 militi,

359 957 468 1004 Quos
489 958 584 996 dare
605 970 645 996 se
665 957 865 1007 promisit,
887 956 1011 996 dabit.
2100 959 2175 996 965

356 1011 474 1072 IJIunc
495 1011 632 1050 alteris
652 1012 774 1050 etiam
795 1011 977 1050 ducentis
998 1011 1095 1049 usus
1116 1014 1188 1056 est,
1210 1011 1278 1060 qui
1298 1011 1579 1060 dispensentur

356 1073 432 1112 Ilio
453 1076 582 1123 capto,
604 1073 649 1111 ut
670 1072 723 1111 sit
744 1073 935 1117 mulsum,
957 1073 1026 1122 qui
1046 1073 1298 1122 triumphent
1318 1073 1482 1111 milites.

357 1127 435 1166 Sed
456 1127 642 1165 Priamus
661 1126 726 1165 hic
746 1126 876 1165 multo
896 1126 955 1164 illi
974 1129 1170 1176 praestan
1202 1128 1283 1164 non
1303 1126 1597 1175 quinquaginta
1617 1127 1748 1171 modo,

353 1180 678 1230 Quadringentos
698 1180 803 1219 filios
822 1179 956 1226 habet,
979 1183 1098 1229 atque
1119 1180 1301 1230 equidem
1323 1180 1454 1218 omnis
1474 1180 1597 1218 lectos
1619 1181 1703 1218 sine
1724 1179 1886 1229 probro;

354 1235 438 1273 Eos
458 1235 530 1284 ego
550 1234 668 1274 hodie
687 1234 820 1273 omnis
839 1233 1111 1273 contruncabo
1131 1234 1272 1271 duobis
1294 1234 1387 1272 solis
1407 1233 1565 1272 ictibus.
2096 1235 2174 1273 970

353 1288 471 1328 Nunc
491 1288 653 1327 Priamo
674 1290 812 1327 nostro
833 1288 866 1327 si
887 1288 946 1326 est
966 1287 1056 1337 quis
1077 1291 1245 1337 emptor,
1268 1288 1599 1337 coemptionale'm
1622 1300 1757 1326 senem

353 1341 538 1381 Uendam
559 1342 644 1392 ogo,
666 1342 851 1380 uenalem
871 1354 990 1391 quem
1010 1340 1138 1380 habeo
1160 1341 1359 1391 extemplo
1379 1340 1448 1379 ubi
1469 1340 1658 1390 oppidum
1680 1342 1974 1389 expugnz'iuero.

354 1395 434 1436 Sed
453 1396 661 1435 Priamum
682 1396 911 1434 adstantem
932 1408 1069 1434 eccum
1090 1397 1183 1434 ante
1204 1398 1361 1445 portam
1382 1395 1517 1440 uideo;
1550 1394 1666 1433 adibo
1687 1398 1804 1443 atque
1826 1394 2029 1443 adloquar.

276 1591 351 1624 952.
366 1589 581 1622 mendatium
593 1589 633 1622 B.
666 1588 1336 1638 953.}ssTDEHOSP111EETDEA1JRO
1350 1589 1389 1620 A.
1422 1588 1531 1629 ospite
1544 1588 1608 1620 Db.
1640 1586 1920 1627 signumom.Ba.
1954 1587 2169 1626 sup.scr.Bb.

188 1669 267 1693 aroe
282 1660 346 1693 Da.
391 1669 468 1693 aree
492 1660 552 1692 Dc.
598 1660 672 1693 954.
696 1659 782 1691 IAM
805 1660 844 1692 A.
889 1659 1160 1709 RESTADANT
1184 1661 1223 1691 A.
1269 1660 1360 1691 facta
1384 1660 1445 1691 Ba.
1492 1658 1613 1691 TUNG
1636 1659 1675 1691 A.
1720 1660 1795 1691 tum
1818 1659 1954 1699 reliqui.
2000 1656 2081 1688 dum
2106 1657 2168 1687 Da.

187 1740 366 1773 coeperam
387 1731 457 1763 BZ.
504 1732 578 1765 955.
602 1730 838 1764 TABELLAS
862 1731 902 1764 A.
948 1730 1053 1763 detuli
1077 1730 1123 1762 ibi
1147 1732 1238 1763 libri.
1284 1731 1358 1763 956.
1383 1730 1469 1762 Cum
1493 1731 1573 1762 libri
1589 1729 1673 1798 withx
1694 1730 1732 1760 A.
1780 1727 2106 1761 MNESILOCHUS
2130 1728 2168 1757 A.

189 1807 462 1841 UXOREESSE
487 1808 527 1840 A.
573 1808 648 1841 957.
672 1806 731 1840 uix
746 1816 802 1839 me
817 1806 949 1840 exsolui
963 1807 1031 1838 BC.
1078 1817 1133 1839 me
1149 1807 1207 1839 uix
1223 1809 1252 1839 ἀ
1254 1782 1357 1839 Xsolui
1380 1807 1443 1838 Da.
1490 1816 1543 1838 me
1560 1806 1617 1838 uix
1634 1781 1673 1838 &x
1680 1805 1767 1837 solui
1791 1806 1852 1838 Dc.
1897 1804 2055 1837 adsimilo
2078 1805 2168 1835 libri.

188 1878 388 1920 praedicant
413 1880 505 1912 libri.
550 1876 625 1912 958.
649 1878 834 1919 Cognitum
858 1878 901 1910 ab
924 1878 1047 1910 helena
1072 1879 1164 1910 libri.
1210 1878 1352 1911 eccubae
1375 1878 1415 1910 B.
1461 1876 1584 1910 eccube
1608 1877 1677 1909 CD.
1722 1876 1869 1909 heccube
1885 1875 1923 1907 F.
1969 1875 2051 1906 olim
2077 1875 2168 1906 libri.

188 1940 264 1972 959.
294 1938 483 1971 Blandiciis
508 1938 609 1971 BCD.
675 1938 852 1979 persuadit
879 1938 920 1969 D.
989 1938 1061 1971 960.
1092 1932 1168 1987 Itae
1193 1939 1233 1970 B.
1300 1938 1358 1969 ilio
1389 1937 1457 1969 BC.
1525 1936 1638 1977 expuli
1670 1938 1761 1968 libri.
1821 1934 1927 1967 extuli
1959 1932 2168 1965 Dissaldeus.

189 2007 207 2031 e
223 1997 348 2040 periclo
365 1998 434 2030 CD.
467 1998 618 2039 periculo
633 1998 674 2030 Β.
719 1997 793 2031 961.
814 1997 937 2054 Postea
952 1997 993 2030 B.
1038 1998 1139 2030 Poste
1151 1998 1219 2030 CD.
1263 1997 1345 2030 Post
1361 1996 1455 2029 Acid.
1469 1997 1509 2028 R.
1545 1996 1644 2028 urbes
1659 1997 1750 2028 libri.
1792 1996 1866 2027 962.
1891 1992 2035 2026 Conflixi
2049 1992 2169 2023 BbFZ.

189 2068 338 2102 confixit
352 2069 475 2101 BaGD.
515 2069 589 2102 963.
613 2068 705 2101 Eum
721 2078 781 2108 ego
797 2068 882 2101 adeo
898 2078 967 2100 uno
981 2068 1076 2100 BbD.
1120 2069 1206 2100 Cum
1222 2077 1282 2108 ego
1296 2068 1380 2100 adeo
1393 2078 1461 2100 uno
1477 2067 1567 2099 Bac.
1613 2066 1786 2098 mendatio
1803 2065 1870 2097 BC.
1916 2062 2083 2102 extemplo
2102 2061 2168 2093 FZ.

189 2145 264 2178 964.
295 2143 399 2184 Coepi
420 2143 522 2176 BCD.
587 2144 661 2176 966.
692 2143 751 2184 qui
775 2143 1015 2184 dispensentur
1039 2145 1130 2175 libri.
1196 2143 1409 2184 dispensetur
1433 2142 1502 2174 CD.
1568 2143 1640 2174 967.
1673 2141 1737 2173 Ilio
1761 2143 1860 2182 capto
1888 2114 2105 2187 triumphdnt
2127 2137 2168 2168 D.

189 2221 264 2254 969.
295 2220 572 2262 Quadringentos
596 2221 687 2253 libri.
747 2221 850 2260 atque
873 2219 1029 2260 equidem
1054 2220 1145 2251 libri.
1213 2220 1288 2252 971.
1318 2219 1347 2251 si
1371 2221 1420 2251 est
1445 2220 1535 2250 libri.
1592 2193 1696 2258 lelptor
1720 2217 1756 2249 C.
1821 2214 2083 2257 eoniptionalem
2108 2214 2168 2245 Ba.

206 2271 222 2290 θ

188 2304 455 2364 comptionalem
476 2313 538 2346 Bb.
598 2313 818 2354 comptialem
833 2323 870 2345 or
885 2301 1042 2354 coptialew
1053 2312 1122 2344 CD.
1183 2313 1257 2346 972.
1273 2311 1404 2344 habebo
1422 2311 1490 2343 GD.
1550 2313 1582 2343 et
1598 2310 1724 2351 templo
1741 2310 1804 2341 Da.
1864 2307 2032 2348 extemplo
2053 2306 2167 2337 Dch.

187 2364 330 2431 {pidum
355 2390 398 2422 D.
459 2391 534 2423 973.
557 2390 754 2423 adstantem
777 2399 893 2422 eccum
916 2390 956 2422 B.
1016 2389 1175 2421 adstante
1199 2397 1332 2420 meeum
1357 2387 1426 2419 CD.
1487 2387 1584 2418 uideo
1608 2387 1676 2418 FZ.
1733 2385 1853 2417 uidebo
1878 2384 1946 2416 CD.
2007 2382 2104 2429 uideb
2128 2382 2167 2413 B.

188 2454 208 2468 ‘⁸
219 2450 236 2481 I
251 2450 338 2482 have
353 2449 572 2482 commenced
595 2459 615 2481 a
638 2459 712 2482 new
727 2458 825 2482 scene
841 2451 1000 2490 contrary
1017 2450 1051 2480 to
1068 2448 1126 2480 the
1143 2447 1246 2480 books
1257 2448 1275 2461 '⁷
1293 2447 1332 2478 R.
1379 2447 1504 2478 Names
1521 2447 1555 2477 of
1577 2446 1770 2477 characters
1787 2444 1927 2476 omitted
1946 2453 1989 2483 up
2008 2446 2041 2475 to
2059 2453 2089 2473 v.
2107 2442 2167 2474 981

189 2504 225 2536 in
242 2504 333 2537 CDa.
379 2505 456 2537 add.
474 2503 539 2537 Db.
