2346 3043
808 142 911 182 ACT
960 142 992 180 I.
1080 140 1257 180 SGENE
1309 140 1341 177 Ι.
2021 137 2066 172 11

933 261 1218 299 PISTOCLERUS.

349 320 455 367 Quid
475 319 508 358 si
528 318 634 369 apud
654 321 692 356 be
712 316 851 354 ueniat
871 314 1054 353 desubilo
1074 312 1290 362 prandium
1311 315 1380 349 auh
1402 311 1553 360 potzi‘oio

350 374 469 427 Eorbe
488 376 558 411 aui
579 384 689 416 cena,
712 373 756 408 ub
777 369 876 408 Solet
895 368 938 406 in
958 367 1046 406 istis
1067 366 1155 405 fieri
1175 365 1465 408 conciliabulis,

351 427 431 466 Ubi
451 439 523 476 ego
543 429 631 465 ‘num
652 423 845 463 adcubem
860 424 878 460 ἱ)

954 475 1125 512 BACCffls
1158 473 1204 510 A.

689 529 806 580 Apud
826 542 903 574 me,
926 529 981 566 mi
1003 528 1149 571 anime,
1172 530 1215 564 ut
1233 526 1387 575 lepidus
1409 537 1499 563 cum
1517 524 1648 573 lepida
1669 522 1852 562 ziclcubeb.

350 588 481 626 Locus
501 587 566 625 hic
586 585 692 635 apud
712 597 799 628 nos,
821 582 1009 632 quzimuis
1031 580 1162 619 subito
1183 580 1334 624 uenias,
1359 592 1512 627 semper
1534 577 1632 616 liber
1654 581 1725 615 est.
2020 576 2071 612 80

351 630 431 680 Ubi
451 644 495 680 tu
515 640 642 690 lepide
664 638 773 676 uoles
794 649 879 675 esse
900 636 984 680 tibi,
1007 635 1096 672 mea
1116 647 1220 677 roea,
1243 633 1343 671 mihi
1369 632 1489 670 dicito

350 696 470 740 Dato,
491 694 559 744 qui
579 693 679 732 bene
701 691 764 736 sit,
788 691 872 740 ego,
896 689 963 727 ubi
984 688 1082 727 bene
1105 688 1156 726 sib
1178 686 1263 731 tibi,
1286 687 1417 725 locum
1439 685 1617 735 lepidum
1639 684 1754 721 dabo.

934 778 1217 816 PISTOCLERUS.

350 835 530 887 Rapidus
551 834 701 873 fluuius
722 834 781 872 est
801 832 889 877 hic;
923 845 1003 870 non
1025 831 1100 869 hac
1121 831 1268 869 temere
1290 829 1453 868 transiri
1474 831 1618 878 po‘oesb.

955 920 1126 958 BAccms
1158 919 1203 957 A.

351 967 482 1029 Atque
501 980 655 1017 ecastor
676 975 782 1026 {ipud
801 975 909 1014 hunc
931 974 1102 1012 fluuium
1125 973 1276 1023 {iliquid
1296 971 1588 1021 perdundumst
1609 969 1696 1009 tibi.

351 1033 521 1072 Manum
542 1031 592 1070 da
612 1034 650 1069 et
672 1041 848 1080 sequere.
914 1037 918 1040 ·

934 1093 1218 1130 PISTOCLERUS.

727 1148 804 1193 Ah,
827 1147 1022 1185 minume.

956 1227 1128 1264 BAccms
1159 1226 1205 1263 A.

970 1280 1074 1326 Quid
1095 1280 1152 1318 ita
1167 1281 1184 1316 ἱ)

934 1371 1217 1407 PISTOCLERUS.

754 1456 775 1486 r
790 1460 807 1483 o
822 1458 846 1482 ν,
1051 1423 1153 1469 Quia.
1173 1423 1272 1460 isboc
1292 1420 1577 1459 inlecebrosius
2019 1417 2069 1453 85

351 1481 459 1521 Fieri
479 1480 582 1519 nihil
602 1480 745 1530 potest,
768 1477 863 1523 non,
885 1477 1042 1520 mulier,
1066 1477 1204 1514 vinum
1226 1475 1381 1513 homini
1403 1472 1717 1512 adulescentulo.

956 1566 1128 1603 BAccffls
1158 1565 1204 1602 A.

351 1612 436 1674 Age
456 1624 602 1674 igitur;
633 1621 817 1672 equidem
838 1620 903 1670 pol
923 1619 1041 1657 nihili
1062 1618 1166 1657 facio
1187 1617 1265 1656 nisi
1287 1619 1407 1656 causa
1428 1620 1510 1655 tua.

352 1674 427 1725 ille
445 1686 606 1737 quidem
626 1685 732 1723 hanc
753 1683 922 1722 {ibdueeb
939 1694 946 1727 ;
978 1684 1022 1719 tu
1043 1679 1180 1719 nullus
1196 1679 1384 1724 adfueris,
1409 1679 1440 1717 si
1462 1691 1542 1717 non
1564 1676 1686 1715 lubet.

936 1763 1219 1801 P1STOCLERUS.

355 1821 508 1862 Sumne
527 1823 663 1860 autem
684 1818 816 1863 nihili,
838 1817 906 1867 qui
926 1828 1123 1866 nequeam
1142 1815 1303 1865 ingenio
1324 1814 1521 1853 moderari
1543 1813 1662 1851 meo‘.>

958 1899 1129 1936 BAccms
1159 1899 1206 1935 A.

353 1958 459 2007 Quid
479 1960 552 2004 est,
573 1956 679 2007 quod
699 1959 857 1995 metuas
871 1956 889 1992 ἱ)

935 2007 1220 2044 P1ST00LERUS.

821 2061 932 2099 Nihil
952 2063 1025 2105 est,
1048 2072 1191 2108 nugae.
1250 2058 1410 2102 Mulier,
1433 2056 1506 2095 tibi
1526 2067 1590 2093 me
1607 2055 1854 2102 emzincupm
2020 2050 2071 2087 90

355 2120 466 2159 Time
486 2132 590 2165 sum,
613 2117 684 2157 tibi
705 2116 805 2156 dedo
826 2117 1000 2165 operam.

173 2371 226 2403 77.
243 2367 360 2400 ueniat
371 2368 462 2399 libri.
497 2365 724 2398 desubitossb.
752 2363 936 2405 prandium
944 2364 1004 2393 aut
1015 2361 1147 2402 potatio
1158 2359 1314 2391 desubito
1325 2359 1364 2389 B.
1399 2360 1449 2391 78.
1468 2359 1505 2389 ut
1511 2367 1573 2398 pro
1582 2359 1641 2388 aut
1653 2355 1689 2387 C.
1718 2363 1802 2387 cena
1810 2352 1937 2385 BGFZ.
1966 2359 2070 2383 caena

87 2412 130 2445 D.
174 2411 246 2444 fieri
262 2411 298 2443 in
313 2410 390 2443 istis
402 2410 474 2443 fieri
490 2410 530 2442 B.
577 2410 628 2442 79.
653 2408 814 2441 accubem
832 2405 1059 2459 Camerffirius.
1106 2413 1187 2435 accu
1195 2404 1271 2434 bam
1287 2402 1338 2433 Bb
1356 2402 1392 2444 C.
1438 2400 1639 2432 accumbam
1652 2399 1714 2430 Ba.
1760 2396 1937 2429 accubiam
1954 2394 1984 2425 D
1997 2404 2069 2425 cum

86 2472 236 2512 reliquis.
275 2472 314 2504 A.
327 2472 368 2503 B.
405 2469 547 2502 om.CD.
587 2468 765 2501 accumbet
777 2467 848 2498 BD.
889 2465 1054 2498 accubaes
1067 2466 1102 2496 O.
1143 2463 1282 2495 accubet
1294 2464 1429 2502 reliqui.
1469 2463 1521 2493 81.
1539 2464 1578 2492 tu
1591 2460 1699 2500 lepide
1711 2458 1804 2491 uoles
1818 2467 1890 2489 esse
1903 2456 1964 2488 tibi
1979 2456 2070 2487 libri.

87 2516 140 2546 82.
166 2514 216 2547 Pi.
232 2515 272 2547 F.
326 2514 390 2547 Sin.
413 2514 484 2545 BA.
508 2522 568 2553 ego
592 2513 630 2544 F.
676 2512 766 2543 Dato
791 2512 883 2542 libri.
930 2509 988 2540 ubi
1012 2509 1094 2540 bene
1111 2508 1154 2539 sit
1173 2509 1264 2539 libri.
1322 2508 1373 2537 83.
1404 2505 1557 2545 Ripidus
1574 2503 1701 2535 fluuius
1721 2503 1771 2533 est
1788 2501 1843 2532 hic
1861 2502 1952 2532 libri.
1999 2507 2068 2529 non

87 2567 127 2590 ac
153 2558 217 2590 Da.
261 2567 332 2590 non
358 2557 424 2588 hac
450 2557 510 2588 Dc.
555 2555 702 2587 transire
728 2555 845 2586 BaDa.
898 2552 1039 2583 transiri
1069 2551 1213 2582 BbCDb.
1281 2550 1332 2580 34.
1362 2549 1400 2580 A.
1429 2549 1468 2579 B.
1522 2550 1634 2579 castor
1662 2546 1698 2577 C.
1752 2543 2000 2584 perdundumst
2030 2541 2070 2574 B.

87 2600 303 2642 perdundum
317 2602 368 2632 est
384 2602 521 2640 reliqui.
566 2600 619 2631 85.
644 2600 676 2630 et
693 2607 832 2637 sequere
848 2596 948 2628 BCD.
996 2603 1200 2634 consequere
1223 2595 1359 2633 reliqui.
1406 2592 1450 2623 ah
1466 2592 1504 2622 F.
1551 2590 1618 2621 aha
1638 2590 1774 2629 reliqui.
1821 2586 1962 2617 minime
1981 2586 2070 2616 libri.

88 2645 128 2676 A.
143 2644 184 2676 Β.
228 2643 398 2676 inlecebro
414 2643 485 2675 suis
508 2642 548 2674 B.
594 2641 811 2673 illecrebosus
830 2640 866 2671 Z.
913 2638 1142 2670 illecebrosius
1167 2637 1265 2668 GDF.
1323 2636 1375 2667 86.
1404 2634 1493 2666 nihil
1519 2635 1610 2665 libri.
1665 2630 1916 2663 adolescentulo
1935 2629 1971 2660 C.
2018 2630 2070 2660 87.

88 2688 128 2719 A.
143 2687 185 2720 B.
240 2689 293 2720 88.
320 2689 359 2719 tu
371 2686 487 2719 nullus
500 2686 591 2717 libri.
641 2686 693 2717 89.
724 2685 864 2717 Summe
881 2682 917 2714 C.
956 2681 1076 2713 nichili
1092 2681 1133 2712 D.
1174 2689 1320 2719 nequam
1338 2679 1403 2710 CF.
1455 2678 1506 2711 90.
1535 2677 1630 2708 RB.
1672 2675 1721 2706 Pi.
1736 2673 1822 2705 nihil
1839 2674 1889 2704 est
1908 2673 1944 2703 Z.
1984 2672 2071 2703 nihil

88 2747 139 2778 est
152 2745 194 2778 G.
209 2745 250 2778 Β.
295 2744 384 2778 nihil
399 2746 461 2778 est.
477 2744 562 2776 Pist.
574 2743 672 2776 CDF.
718 2752 830 2782 nugae
847 2742 884 2773 C.
930 2751 1017 2781 nuge
1034 2739 1106 2772 BD.
1151 2748 1243 2771 nunc
1256 2748 1316 2778 ego
1334 2740 1467 2778 reliqui.
1511 2722 1633 2769 iiiulier
1649 2735 1711 2768 tibi
1728 2736 1767 2767 B.
1814 2732 2015 2774 emancupio
2032 2732 2069 2764 C.
