2346 3043
165 144 228 182 xvi
946 136 1378 177 INTRODUCTION.

164 263 364 302 Plautinis
381 261 535 301 facetiis
548 260 734 309 voluptas
750 259 863 296 nulla
879 262 1091 308 peteretur,
1107 270 1330 307 numquam
1345 260 1404 295 tot
1420 269 1465 295 ac
1482 256 1583 295 tanti
1601 256 1785 295 animum
1807 271 1924 295 suum
1938 257 2158 297 amoenita-

165 318 271 356 tibus
301 315 533 366 hujusmodi
561 313 822 352 reficiendum
853 313 997 350 Plauto
1028 312 1302 350 tradidissent.
1361 310 1449 349 Hoc
1479 323 1546 349 eos
1575 310 1732 349 dicendi
1763 324 1891 361 genus
1921 311 2158 358 delectabat,

164 371 263 409 illud
293 369 504 409 officiebat.
562 368 801 416 Perelegans
829 366 1035 410 nimirum,
1065 369 1104 403 et
1128 378 1220 403 cum
1245 364 1441 414 gravitate
1469 364 1641 409 salsum;
1670 377 1752 403 non
1780 365 2000 404 forensium
2028 366 2159 404 solum

165 426 383 465 actionum.
408 423 475 461 sed
504 422 687 460 omnium
709 433 941 459 sermonum
962 419 1266 458 condimentum
1292 418 1587 469 judicaverunt.
1645 418 1706 455 Ad
1733 431 1948 465 summam,
1971 431 2021 458 ne
2041 432 2160 469 agam

164 479 211 517 de
252 477 434 527 singulis,
475 476 667 514 Plautum
710 475 840 524 ipsam
882 474 1025 512 Suada?
1069 472 1288 511 medullam
1327 471 1534 510 verissime
1578 471 1739 510 dixeris.
1810 472 1944 511 Dictio
1986 485 2161 523 namque

165 532 366 576 Plautina,
400 535 485 569 tota
518 534 670 579 quanta
704 533 857 577 quanta
886 530 959 572 est,
991 529 1051 565 est
1080 527 1167 576 ipsa
1196 526 1412 564 Latinitas.
1470 525 1561 564 Non
1595 525 1660 564 hic
1689 525 1914 565 obscuritas
1947 526 2160 566 verborum

165 586 410 629 dominatur,
439 596 520 622 non
550 582 754 621 barbaries
784 584 951 631 pugnat,
978 593 1059 619 non
1089 593 1205 619 voces
1232 579 1406 625 absonae,
1437 582 1476 618 et
1503 579 1739 624 inconditam
1766 579 1834 618 sed
1856 580 2010 630 puritas
2035 580 2162 620 vincit

165 639 375 683 sei-monia
400 637 518 677 verba
537 637 641 674 mira
662 635 860 674 suavitate
876 635 1001 674 veluti
1017 635 1059 672 in
1080 638 1231 673 cratere
1252 632 1466 683 philotesio
1490 632 1748 678 concordant,
1766 633 1969 673 Atticismi
1990 634 2162 684 gloriose

165 693 432 742 triumphant.
480 691 698 729 Facessant
730 689 896 739 proinde
926 689 1045 737 longe
1075 687 1236 732 abhinc,
1268 690 1306 725 et
1336 687 1386 725 ad
1420 686 1671 725 Morboviam
1700 686 1890 736 migrent,
1921 688 2162 738 quicumque

165 748 381 786 Accianam
403 745 616 784 lectionem
634 744 723 782 aliis
745 743 1003 793 supercilioso
1024 742 1242 780 admodum
1264 754 1365 779 ausu
1387 740 1618 779 dissuadere
1635 744 1838 790 satagunt.
1890 741 2051 780 Moveat
2070 742 2162 781 illos

165 801 299 852 potius
319 799 650 850 gravissimorum
671 797 849 836 virorum
870 796 1112 846 exemplum,
1134 795 1202 845 qui
1226 798 1388 833 tantum
1415 794 1582 833 Poetam
1603 794 1645 832 in
1666 807 1815 843 magno
1837 807 1991 845 semper
2011 795 2163 835 honore

167 855 408 893 habuerunt.
467 853 571 890 Nam
611 855 656 890 ut
694 854 960 890 monumenta
999 850 1086 900 ejus
1125 849 1175 887 ad
1205 852 1387 887 nostram
1426 848 1583 898 prolata
1620 851 1794 886 aetatem
1834 849 1933 887 satis
1967 862 2163 899 superque

167 912 381 953 testantur,
404 919 450 945 ea
470 906 547 944 fuit
566 906 608 943 in
633 905 800 955 agendis
827 904 1032 943 comoediis
1057 903 1281 947 dulcedine,
1305 915 1351 941 ea
1372 902 1582 947 suavitate,
1608 914 1687 952 qua
1711 902 1970 952 profunderet
1990 903 2162 949 animos,

168 967 211 1002 ut
238 961 555 1001 recordationem
581 959 867 998 concinnitatis
890 971 970 997 suae
1001 970 1093 997 cum
1114 956 1379 996 delectatione
1400 956 1675 1006 conjunctam,
1700 956 1860 995 aculeos
1887 956 2011 995 etiam
2037 969 2162 1007 quan-

167 1017 295 1066 doque
323 1015 565 1064 relinqueret
592 1013 633 1051 in
664 1013 812 1051 animis
839 1025 992 1057 eorum,
1021 1025 1045 1049 a
1078 1011 1223 1061 quibus
1253 1014 1357 1049 esset
1377 1010 1540 1048 auditus
1581 1039 1589 1048 .
1632 1039 1640 1048 .
1685 1041 1692 1047 .
1729 1010 1822 1048 Jam
1850 1023 1942 1049 vero
1972 1010 2164 1049 Plautum

166 1075 352 1110 nostrum
369 1068 523 1108 facetiis
539 1067 702 1117 reliquis
718 1067 835 1116 longe
852 1066 1099 1110 excelluisse,
1115 1065 1204 1115 quis
1219 1064 1407 1114 ignorat?
1440 1094 1447 1101 .
1482 1093 1490 1102 .
1525 1093 1532 1102 .
1562 1063 1727 1102 Etenim
1746 1063 1779 1102 si
1795 1077 1920 1103 musae
1936 1064 2045 1114 ipsae,
2060 1065 2165 1115 quod

166 1128 286 1163 antea
301 1123 398 1168 dixi,
416 1122 606 1160 Plautino
619 1121 834 1160 voluerunt
849 1121 958 1170 loqui
975 1132 1170 1164 sermone,
1190 1119 1222 1157 si
1240 1119 1432 1156 Romanae
1450 1118 1598 1167 linguae
1615 1117 1677 1156 lex
1694 1118 1890 1167 quaedam
1904 1121 1964 1157 est
1980 1118 2164 1164 Plautus,

168 1179 201 1217 si
230 1179 415 1216 Romana
443 1175 631 1225 loquendi
661 1175 793 1224 figura
821 1174 863 1211 in
891 1174 1036 1212 Plauto
1066 1172 1290 1218 efflorescit,
1318 1172 1350 1210 si
1380 1172 1550 1221 denique
1580 1171 1694 1210 nulla
1717 1172 1954 1210 elocutionis
1983 1172 2114 1222 figura
2143 1185 2167 1211 a

167 1231 444 1282 grammaticis
478 1230 581 1268 tradi
613 1232 756 1279 potest,
789 1229 904 1278 cujus
931 1227 1037 1278 apud
1072 1227 1264 1265 Plautum
1296 1239 1379 1264 non
1406 1225 1635 1275 exemplum
1669 1229 1849 1275 petatur;
1885 1238 2052 1276 ecquam
2079 1227 2167 1277 ejus

168 1287 386 1325 dictionem
412 1283 673 1334 putabimus?
731 1283 794 1320 An
822 1283 897 1320 hac
925 1281 1144 1320 festivitate
1174 1280 1365 1319 Plautina
1394 1292 1440 1318 ac
1468 1279 1601 1330 lepore
1627 1279 1754 1317 ullam
1785 1279 2042 1330 scriptionem
2074 1293 2166 1319 con-

169 1340 356 1379 ditiorem
376 1338 648 1388 reperiemus?
681 1336 862 1388 (Parcus,
884 1335 1143 1385 Dissertatio.)

281 1395 336 1444 (9)
368 1393 418 1430 In
445 1391 627 1430 addition
654 1394 695 1429 to
723 1390 790 1428 the
820 1389 1060 1428 authorities
1086 1388 1248 1439 already
1277 1387 1396 1438 given
1423 1400 1467 1426 as
1491 1390 1533 1426 to
1557 1387 1626 1426 the
1649 1387 1789 1426 merits
1809 1386 1851 1426 of
1879 1387 2050 1426 Plautus
2076 1400 2121 1427 as
2144 1401 2169 1426 a

171 1448 308 1487 Comic
329 1451 433 1497 poet,
456 1446 524 1484 the
546 1444 752 1494 following
773 1457 839 1482 are
861 1443 1150 1494 subjoined:—

278 1501 437 1551 Duplex
450 1499 616 1539 omnino
630 1502 689 1537 est
705 1498 865 1549 jocandi
879 1510 1027 1547 genus;
1050 1510 1178 1534 unum
1194 1495 1402 1541 illiberale,
1421 1495 1621 1545 petulans,
1638 1494 1897 1545 flagitiosum,
1913 1494 2166 1541 obscoenum;

169 1556 344 1594 alterum
371 1554 546 1603 elegans,
569 1552 785 1596 urbanum,
806 1552 1076 1601 ingeniosum,
1100 1551 1296 1595 facetum;
1322 1562 1400 1599 quo
1429 1562 1574 1599 genere
1603 1562 1685 1587 non
1705 1549 1822 1587 mode
1842 1549 2013 1588 Plautus
2033 1553 2169 1589 noster

169 1614 208 1649 et
229 1609 457 1648 Atticorum
477 1607 646 1657 antiqua
667 1606 886 1652 Comoedia,
905 1606 973 1644 sed
989 1605 1111 1644 etiam
1132 1604 1463 1655 philosophorum
1484 1603 1782 1643 Socraticorum
1803 1603 1896 1641 libri
1917 1606 2012 1642 sunt
2031 1603 2169 1643 referti

174 1664 353 1716 (Cicero).

281 1716 481 1767 Equidem
513 1727 605 1754 cum
633 1714 747 1752 audis
776 1727 934 1752 socrum
964 1725 1097 1751 meam
1124 1711 1307 1750 Laeliam
1341 1711 1517 1763 (facilius
1544 1711 1652 1750 enim
1678 1711 1867 1749 mulieres
1894 1711 2169 1762 incorruptam

173 1771 456 1821 antiquitatem
485 1772 659 1813 servant,
690 1768 796 1817 quod
823 1768 1045 1806 multorum
1071 1766 1267 1805 sermonis
1294 1769 1475 1815 expertes
1502 1778 1548 1803 ea
1575 1769 1714 1804 tenent
1739 1777 1906 1815 semper,
1931 1778 2019 1815 quae
2040 1766 2170 1816 prima

173 1826 415 1875 didicerunt)
437 1836 526 1863 eam
549 1823 603 1861 sic
624 1822 752 1867 audis,
774 1824 819 1860 ut
840 1822 1033 1860 Plautum
1053 1820 1155 1858 mihi
1176 1823 1246 1858 aut
1267 1819 1452 1858 Naevium
1471 1819 1607 1857 videar
1627 1819 1765 1857 audire
1786 1820 1965 1871 (Cicero).

281 1879 399 1929 Legit
420 1877 521 1915 mihi
543 1889 669 1926 nuper
690 1876 892 1925 epistolas,
910 1888 1011 1926 quas
1027 1874 1163 1913 uxoris
1183 1887 1268 1912 esse
1284 1873 1460 1917 dicebat;
1489 1873 1682 1911 Plautum
1702 1873 1766 1912 vel
1787 1873 2021 1912 Terentium
2041 1876 2170 1913 metro

174 1933 353 1973 solutum
382 1931 460 1981 legi
482 1931 629 1970 credidi
652 1930 820 1981 (Pliny).

282 1987 331 2025 In
362 1985 567 2025 Comoedia
600 1984 775 2022 maxime
809 1983 1103 2027 claudicamus;
1144 1982 1238 2021 licet
1265 1981 1393 2020 Varro
1423 1981 1542 2027 dicat,
1581 1980 1741 2019 ‘Musas
1773 1980 1836 2032 (L.
1865 1980 1969 2019 Aelii
2003 1980 2173 2020 Stilonis

175 2040 392 2091 sententia)
417 2039 607 2077 Plautino
629 2050 812 2076 sermone
833 2038 1038 2076 locuturas
1060 2036 1196 2082 fuisse,
1221 2035 1253 2074 si
1275 2035 1420 2074 Latine
1440 2035 1550 2085 loqui
1571 2035 1722 2073 vellent
1745 2035 2017 2085 (theimilian).

283 2095 386 2145 Ipsae
407 2094 534 2132 Musae
557 2093 589 2131 si
610 2092 756 2130 Latine
776 2092 885 2141 loqui
905 2091 1140 2136 voluissent,
1163 2090 1249 2140 ipso
1270 2089 1461 2128 Plautino
1482 2102 1627 2139 genere
1647 2102 1728 2127 usae
1750 2089 1922 2127 fuissent
1944 2089 2116 2141 (Varro.)

662 2174 705 2213 Si
731 2173 858 2212 Musae
886 2172 1036 2211 vellent
1075 2171 1135 2210 uti
1166 2183 1350 2209 sermone
1374 2169 1537 2215 Latino,

661 2228 873 2277 Eligerent
902 2238 1106 2271 numeros,
1138 2225 1281 2263 Plaute
1311 2224 1493 2274 salesque
1522 2227 1628 2262 tuos.

283 2309 454 2347 Plautus
469 2306 682 2346 verborum
698 2306 941 2344 Latinorum
954 2303 1294 2354 elegantissimus.
1353 2303 1523 2341 Plautus
1535 2302 1657 2341 homo
1670 2301 1820 2351 linguae
1833 2304 1952 2352 atque
1965 2302 2174 2353 elegantiae

174 2364 213 2401 in
237 2363 367 2402 verbis
387 2362 546 2400 Latina}
567 2361 764 2411 princeps.
823 2360 1007 2404 Plautus,
1030 2358 1178 2408 linguae
1199 2357 1356 2396 Latinae
1377 2357 1497 2395 decus
1519 2357 1584 2407 (A.
1611 2357 1791 2408 Gellius).

284 2417 340 2455 Et
368 2417 452 2467 jam
483 2416 658 2465 primum
685 2414 976 2458 animadverto,
1007 2425 1107 2462 quos
1141 2411 1464 2461 elegantissimos
1497 2410 1665 2459 antiqua
1694 2412 1791 2448 aetas
1824 2409 1931 2455 tulit,
1963 2409 2173 2450 Comicum

176 2471 368 2510 Plautum
389 2474 428 2509 et
449 2470 660 2509 Oratorem
682 2468 874 2511 Tullium,
893 2480 960 2505 eos
980 2466 1120 2505 ambos
1141 2466 1262 2504 etiam
1289 2465 1340 2503 ad
1365 2465 1547 2516 jocorum
1576 2467 1831 2502 venustatem
1858 2464 2000 2503 ceteris
2020 2464 2173 2514 praesti-

176 2525 283 2565 tisse.
344 2524 515 2562 Plautus
536 2523 697 2573 quidem
718 2535 764 2560 ea
783 2534 825 2560 re
852 2521 985 2560 clarus
1012 2520 1102 2566 fuit,
1122 2523 1167 2558 ut
1196 2521 1286 2569 post
1305 2521 1478 2557 mortem
1508 2519 1595 2568 ejus
1625 2517 1864 2563 Comoediae,
1893 2531 1981 2568 quae
2011 2518 2174 2558 incertae

176 2578 422 2624 ferebantur,
445 2577 644 2615 Plautinae
665 2580 801 2614 tamen
823 2588 908 2614 esse
929 2574 977 2613 de
993 2574 1177 2623 jocorum
1199 2572 1314 2623 copia
1333 2575 1594 2611 noscerentur
1617 2573 1881 2622 (Macrobius).

285 2632 397 2670 Hace
427 2635 486 2670 est
516 2631 707 2669 Plautina
741 2628 955 2679 elegantia,
991 2628 1057 2666 hic
1087 2628 1197 2677 lepos
1224 2626 1396 2672 Atticus,
1428 2629 1467 2664 et
1500 2625 1726 2671 Musarum,
1755 2628 1800 2663 ut
1833 2625 1986 2672 dicunt,
2017 2627 2175 2678 eloquio

176 2686 455 2737 omparandus
497 2715 504 2723 .
549 2715 556 2723 .
606 2714 613 2722 .
657 2684 871 2722 Terentius
893 2681 1179 2726 Menandrum,
1203 2680 1374 2719 Plautus
1395 2683 1433 2719 et
1458 2679 1643 2719 Caecilius
1664 2682 1818 2718 veteres
1845 2680 2030 2720 Comicos
2051 2681 2173 2720 inter-

178 2741 324 2790 pretati
355 2743 463 2779 sunt.
522 2737 729 2788 Numquid
763 2737 931 2776 haerent
959 2736 1000 2773 in
1035 2735 1180 2780 verbis,
1216 2747 1261 2773 ac
1285 2747 1367 2773 non
1403 2734 1585 2773 decorem
1617 2733 1747 2782 magis
1780 2736 1820 2771 et
1853 2735 2097 2786 elegantiam
2132 2734 2174 2773 in
