2346 3043
864 183 966 223 AGT
1010 183 1080 222 IV.
1169 184 1346 223 SOENE
1393 186 1448 225 II.
2098 193 2146 229 41

540 302 599 341 Ne
619 301 692 341 tibi
712 302 843 342 hercle
863 302 970 341 haud
993 303 1150 352 longest
1171 306 1214 343 os
1236 304 1284 342 ab
1305 304 1528 344 infortunio
1545 318 1552 350 ;

540 356 604 394 Ita.
624 356 967 406 dentifrangibula
987 357 1086 395 haec
1106 358 1206 396 meis
1227 358 1413 397 manibus
1434 359 1626 408 gestiunt.

1042 426 1273 465 PARASITUS.

541 478 671 525 Quom
691 491 764 528 ego
784 479 905 517 huius
926 479 1049 518 uerba
1068 480 1321 530 interpretor,
1343 481 1443 519 mihi
1464 481 1648 527 cautiost,

540 532 598 570 Ne
618 532 946 582 nucifrangibula.
965 533 1139 572 excussit
1160 547 1207 572 ex
1228 534 1346 573 malis
1365 535 1478 573 meis.

540 585 626 624 Tuo
647 598 719 636 ego
740 587 863 625 istaec
884 586 1007 636 igitur
1028 587 1159 626 dicam
1179 588 1238 625 illi
1259 588 1448 638 periculo.
2072 595 2150 632 600

1017 656 1301 696 Pisrocnnlzus.

539 708 643 756 Quid
663 709 723 748 ais
743 711 817 748 tu?

1039 763 1271 804 PARASITUS.

825 816 914 867 Ego
935 817 1040 856 istuc
1060 818 1119 855 illi
1140 818 1285 857 dicam.

1015 887 1298 927 PlsrocLERUS.

1307 942 1381 982 Dio
1401 942 1516 987 mihi,

538 993 636 1040 Quis
656 996 701 1032 tu
721 994 790 1033 e's?

1039 1048 1270 1087 PARASITUS.

806 1101 923 1140 Illius
946 1114 1034 1140 sum
1056 1103 1383 1152 integumentum
1405 1104 1592 1153 corporis.

1013 1171 1297 1210 P1smocmmns.

537 1223 719 1274 Nequam
740 1224 824 1263 esse
845 1228 1014 1274 oportet,
1036 1226 1128 1274 quoi
1150 1229 1206 1271 tu,
1229 1226 1569 1276 integumentum,
1591 1227 1830 1277 inprobus's.

1038 1295 1269 1335 PARASITUS.

539 1347 733 1387 Sufflatus
754 1348 821 1387 ille
842 1348 920 1387 huo
941 1348 1090 1387 ueniet.

1011 1419 1295 1460 PISTOCLERUS.

1102 1473 1387 1525 Disrumptum
1407 1474 1542 1513 uelim.

1038 1544 1268 1583 PARASITUS.

537 1596 645 1635 Num
666 1596 761 1647 quid
782 1597 873 1636 uis?

1015 1651 1298 1690 P1STOCLERUS.

885 1704 1014 1744 Abeas
1035 1706 1228 1752 celeriter,
1251 1706 1396 1744 factost
1415 1718 1528 1755 opus.
2069 1711 2144 1749 605

1038 1776 1270 1815 PARASITUS.

538 1828 652 1874 Uale,
674 1828 1028 1879 dentifrangibule.

1013 1899 1296 1954 PIISTOCLERUS.

1044 1956 1100 1992 Et
1121 1958 1164 1992 tu
1185 1953 1523 2004 integumentum,
1546 1954 1649 1992 uale.

536 2005 584 2043 In
605 2005 697 2044 eum
718 2018 826 2044 nuno
845 2006 943 2045 haee
964 2008 1120 2045 reuenit
1140 2020 1202 2045 res
1223 2008 1369 2053 10011111,
1392 2011 1449 2053 ut,
1471 2008 1565 2057 quid
1586 2008 1727 2046 consili

536 2059 639 2097 Dem
659 2060 749 2098 meo
770 2060 896 2098 sodali
915 2060 1031 2110 super
1052 2061 1194 2105 amica,
1218 2062 1406 2105 nesciam,

536 2112 614 2159 Qui
633 2113 762 2151 iratus
782 2114 1058 2152 renumerz'iuit
1079 2127 1197 2153 omne
1218 2116 1362 2153 aurum
1383 2115 1501 2165 patri,

536 2166 673 2216 Neque
693 2166 885 2205 nummus
906 2168 1044 2212 ullust,
1066 2169 1134 2217 qui
1154 2169 1343 2206 reddatur
1362 2169 1496 2206 militi.
2067 2172 2146 2209 610

538 2220 616 2258 Sed
636 2219 714 2258 hue
736 2221 974 2266 eoncedam;
1008 2223 1104 2260 mim
1126 2222 1443 2271 concrepuerunt
1463 2222 1582 2260 fores.

535 2273 809 2312 Mnesilochus
830 2287 967 2313 eccum
989 2276 1167 2313 maestus
1187 2275 1439 2325 progreditur
1460 2276 1580 2314 foras.

246 2394 320 2426 596.
348 2395 398 2426 Ne
424 2395 486 2427 tibi
513 2396 625 2429 hercle
653 2400 744 2430 libri.
801 2400 851 2430 est
877 2409 914 2430 os
942 2399 984 2430 ab
1012 2398 1202 2430 infortunio
1232 2401 1322 2430 libri.
1379 2408 1414 2429 es
1438 2400 1476 2430 tu
1506 2398 1566 2430 Dc.
1623 2398 1799 2430 infortuno
1827 2399 1890 2430 Da.
1951 2401 2025 2432 597.
2052 2400 2145 2431 denti

159 2435 353 2476 frangibula
367 2438 468 2470 BCD.
514 2441 588 2473 598.
613 2442 725 2481 Quom
747 2442 786 2473 F.
833 2442 919 2473 Cum
939 2444 1075 2482 reliqui.
1121 2443 1326 2481 interpretor
1349 2442 1422 2472 first
1440 2451 1454 2471 r
1475 2452 1489 2472 e
1507 2451 1589 2472 corr.
1607 2441 1679 2472 BD.
1725 2443 1839 2473 cautio
1863 2444 1893 2474 st
1917 2443 1984 2474 Bc.
2030 2443 2143 2474 cautio

159 2481 210 2510 est
224 2481 362 2520 reliqui.
408 2482 481 2515 599.
506 2483 586 2515 nuci
602 2484 796 2524 frangibula
812 2485 852 2516 B.
895 2494 935 2516 ex
950 2495 1011 2516 om.
1029 2485 1091 2516 Da.
1138 2495 1177 2516 ex
1193 2485 1257 2516 Db.
1304 2485 1378 2516 601.
1402 2484 1458 2516 ΡΙ.
1476 2484 1540 2516 (110.
1557 2484 1613 2516 PI.
1630 2494 1691 2516 om.
1709 2485 1745 2516 C.
1785 2486 1859 2516 602.
1880 2485 2144 2525 integimentum

158 2521 226 2553 BG.
271 2522 538 2563 integimentum
550 2527 592 2558 D.
639 2528 713 2559 603.
738 2527 792 2559 cui
806 2529 896 2559 libri.
942 2531 980 2559 tu
993 2528 1269 2567 integumentum
1286 2527 1462 2568 improbus
1475 2537 1509 2558 es
1524 2529 1613 2558 libri.
1659 2527 1822 2566 inprobus
1836 2528 1903 2560 BC.
1949 2528 2142 2568 improbum

158 2564 318 2604 Bothius,
333 2566 536 2607 Lambinus,
554 2570 744 2602 Turnebus.
791 2571 864 2603 604.
889 2571 956 2602 PA.
973 2581 1033 2602 om.
1052 2572 1088 2602 O.
1134 2571 1190 2603 ΡΙ.
1208 2581 1268 2603 om.
1287 2571 1355 2602 CD.
1401 2570 1632 2610 dirrumptum
1655 2570 1756 2602 BCD.
1813 2572 1886 2603 605.
1911 2571 2086 2611 Numquid
2104 2572 2141 2603 Z.

159 2623 259 2655 Nune
273 2626 355 2664 quid
369 2626 458 2659 BGD
475 2638 518 2661 nc
535 2639 550 2660 e
567 2639 650 2662 corr.
668 2629 704 2662 G.
766 2630 896 2663 Abeas:
921 2631 1075 2663 celeriter
1091 2631 1210 2662 Herm.
1259 2631 1350 2662 facto
1367 2632 1398 2662 st
1414 2629 1515 2661 BCD.
1558 2630 1632 2661 606.
1658 2630 1743 2661 Uale
1760 2630 1853 2662 denti
1870 2630 2059 2670 frangibule
2074 2631 2143 2662 BC.

159 2667 299 2731 Ualg‘iiti
314 2701 506 2742 frangibule
522 2705 564 2737 D.
617 2705 894 2745 intagumentum
913 2707 971 2738 Ca.
1014 2707 1297 2747 intugumentum
1314 2706 1373 2738 Cb.
1419 2707 1492 2739 607.
1517 2715 1595 2736 eum
1611 2715 1702 2737 nunc
1720 2705 1804 2737 haec
1822 2707 1912 2737 libri.
1951 2681 2142 2738 ὃ0010111111111110

158 2742 242 2774 haec
265 2743 330 2776 Db.
376 2746 435 2785 qui
457 2747 522 2779 Da.
567 2749 702 2780 consilii
727 2751 817 2781 libri.
879 2751 953 2782 610.
982 2751 1088 2781 ullust
1112 2750 1211 2781 BCD.
1273 2750 1346 2780 612.
1372 2752 1503 2781 mestus
1526 2749 1626 2780 BCD.
1677 2749 1969 2781 MNESILOCUS
1997 2749 2140 2781 PISTO-

160 2785 337 2819 CLERUS
353 2789 713 2825 ADOLESCENTES
729 2793 770 2825 B.
814 2803 875 2825 om.
891 2793 981 2825 GDa.
1028 2792 1356 2825 MNESILOGHUS
1373 2793 1438 2825 Db.
