2346 3043
163 145 186 180 6
865 137 1065 176 PLAUTI
1120 135 1454 175 BACCHIDES.

861 258 1054 308 quidquid
1075 260 1134 297 est
1155 256 1303 294 nome'n
1325 254 1400 294 sibi

1040 388 1212 427 BAccnis
1242 391 1288 428 A.

541 441 724 491 Cupidon
746 447 783 479 to
804 441 969 480 conficit
989 454 1094 481 anne
1115 446 1259 482 amor?

1039 523 1213 562 Pacorus
1246 525 1287 563 S.

598 606 605 613 .
776 607 783 615 .
954 607 960 614 .
1128 578 1194 616 eor
1214 589 1351 616 meum
1372 578 1461 627 spe's
1482 589 1586 623 mea,

541 629 622 669 Mel
642 642 792 674 meum,
816 631 1044 675 suaiuitudo,
1067 630 1193 676 cibus,
1214 630 1420 681 gandium.
2107 632 2158 670 20

543 737 638 776 Sine
660 741 698 775 te
719 749 865 776 amem.

541 845 700 889 Uincla,
725 844 875 895 uirgam,
897 845 1041 891 molae,
1065 845 1276 885 saeuitudo
1295 845 1404 885 mala

542 899 608 937 Fit
629 899 737 949 peior

541 1005 774 1051 Latronem,
798 1019 912 1044 suani
933 1007 1001 1056 qui
1021 1006 1119 1046 astro
1139 1007 1269 1046 uitzim
1290 1007 1485 1046 venditat.

1026 1141 1198 1180 BAccmS
1229 1143 1276 1181 A.

544 1195 635 1234 Scio
656 1194 841 1245 spiritum
863 1196 947 1233 eius
967 1196 1161 1234 maiorem
1182 1209 1267 1235 esse
1287 1195 1430 1241 mnibo,
2107 1197 2157 1235 25

543 1248 673 1295 Quam
695 1248 809 1287 folles
830 1249 979 1287 taurini
999 1249 1188 1296 halitz'mss,
1211 1263 1332 1300 quom
1352 1250 1579 1299 liquescunt

540 1303 694 1349 Petrac',
718 1302 869 1341 forrum
890 1303 958 1341 ubi
979 1303 1039 1343 fit.
1099 1303 1177 1344 Sed
1197 1304 1370 1354 quoiatis
1391 1305 1451 1343 est·
1472 1303 1506 1342 is
1522 1305 1540 1341 ἱ)

1038 1384 1212 1424 BAccms
1244 1385 1285 1425 S.

541 1437 853 1476 Praenestinum
874 1438 995 1488 opino
1016 1451 1115 1484 esse,
1137 1439 1194 1478 ita
1214 1442 1300 1478 erat
1321 1439 1533 1490 gloriosus.

864 1545 1031 1585 Arabos.

1025 1681 1197 1720 BAccms
1227 1682 1274 1720 A.

540 1734 574 1772 N
579 1748 598 1773 e
619 1748 641 1773 a
662 1736 862 1785 quoquam
883 1735 1081 1785 acciperes
1103 1735 1183 1774 {flio
1203 1736 1427 1775 mercedem
1449 1738 1644 1782 annuam,
2108 1738 2160 1776 30

541 1789 629 1827 Nisi
651 1789 700 1827 {ib
722 1802 776 1835 se,
798 1801 871 1828 nec
892 1801 984 1828 cum
1004 1790 1196 1839 quiquam
1216 1790 1379 1829 limares
1399 1794 1534 1840 caput.

253 2027 304 2059 17.
351 2027 490 2059 Servius
507 2027 551 2059 ad
566 2027 663 2065 Aen„
682 2027 722 2065 X,
738 2028 812 2060 493.

252 2071 303 2101 18.
351 2070 489 2103 Servius
506 2070 549 2103 ad
561 2071 658 2108 Aen..
675 2070 735 2109 IV,
754 2072 827 2104 194.
872 2073 906 2103 te
921 2071 1057 2103 conficit
1073 2071 1196 2104 Daniel
1220 2071 1312 2113 apud
1337 2072 1431 2106 Serv.
1478 2075 1592 2105 tecum
1609 2072 1722 2105 saeuis
1739 2073 1840 2111 Non.‚
1856 2082 1891 2114 p.
1909 2073 1984 2105 421.
2030 2074 2063 2105 te
2079 2081 2159 2105 cum

164 2112 252 2145 sicut
271 2113 362 2146 Serv.
381 2117 414 2146 te
430 2114 568 2154 configit
584 2113 707 2151 Bothe,
726 2117 759 2146 te
775 2114 922 2147 confecit
936 2114 976 2146 R.

252 2157 361 2189 19-20.
408 2157 552 2195 Nonius,
571 2167 603 2198 p.
622 2159 696 2190 173.

251 2201 302 2231 21.
349 2201 507 2233 Donatus
525 2201 559 2232 in
578 2201 652 2232 Tor.
670 2201 760 2232 Eun.
781 2200 841 2239 IV,
859 2203 889 2240 2,
908 2202 959 2233 13.

251 2244 361 2275 22-23.
409 2244 553 2282 Nonius,
570 2254 602 2284 p.
622 2246 695 2277 172.

251 2287 303 2318 21.
351 2287 487 2319 Servius
505 2287 547 2319 ad
565 2290 648 2319 Aen.
667 2287 746 2325 XII,
765 2289 794 2320 7.

251 2331 303 2361 25.
350 2330 516 2362 Prisciani
533 2332 654 2370 fragm.
672 2331 713 2362 de
729 2331 930 2371 pronomine
949 2331 1051 2373 (Mus.
1070 2331 1192 2370 Rhen.,
1209 2333 1236 2370 1,
1255 2343 1288 2373 p.
1306 2334 1396 2373 316).
1443 2333 1554 2364 multa
1574 2334 1654 2365 C'od.
1676 2334 1753 2364 Vin.
1772 2334 1881 2365 Prisc.

251 2374 303 2404 26.
349 2373 498 2405 habeant
517 2375 688 2406 Prisciani
698 2376 824 2414 fragm.
841 2376 879 2406 dc
894 2377 1088 2415 pronomine
1107 2376 1209 2416 (Mus.
1227 2376 1349 2414 Rhen.‚
1367 2377 1395 2414 Ι,
1418 2386 1452 2417 p.
1475 2376 1565 2418 316).
1611 2375 1847 2418 Philargyrius
1863 2376 1907 2409 ad
1923 2376 2016 2417 Virg.
2035 2377 2157 2417 Georg.

164 2415 223 2453 lv,
244 2417 315 2448 171.
361 2427 426 2456 que
444 2419 523 2449 Cod.
541 2418 715 2458 Bambery.
731 2418 838 2450 Prisc.
856 2417 946 2458 quod
965 2419 1046 2450 Cod.
1063 2419 1210 2451 Darmst.
1228 2420 1335 2451 Prz'sc.

209 2518 216 2524 ·
250 2476 360 2524 26-27.
406 2457 640 2518 fihilargyrius
656 2476 699 2508 ad
716 2476 809 2517 Virg.
827 2477 948 2518 Georg.
967 2478 1025 2516 IV,
1043 2479 1116 2511 171.
1162 2477 1314 2511 halitant
1331 2479 1522 2512 Hermann.
1545 2478 1673 2511 habent
1699 2479 1836 2512 Servius
1858 2482 1892 2511 et
1908 2478 2157 2520 Philargyrius.

163 2520 287 2550 cuiatis
304 2519 511 2552 Priscianus.
557 2520 712 2552 sed—est
729 2520 784 2552 is‘?
809 2521 888 2553 Uss.
934 2521 997 2553 tibi
1014 2522 1150 2554 uisust?
1173 2522 1214 2554 R.
1260 2522 1307 2554 ibi
1333 2522 1426 2555 Serv.

252 2562 304 2595 28.
351 2563 495 2600 Nonius,
513 2573 546 2603 p.
564 2564 637 2596 474.
684 2563 806 2604 opinor
823 2565 927 2596 Codd.
943 2565 1051 2596 Prisc.
1097 2564 1161 2596 erit
1179 2567 1260 2597 Cod.
1281 2567 1358 2598 Vin.
1372 2571 1404 2598 et
1419 2567 1536 2598 Bamb.
1553 2566 1660 2598 Prisc.
1705 2568 1808 2598 errat.
1827 2565 1909 2598 eod.
1926 2565 2041 2598 Nonii.

252 2606 304 2639 29.
351 2606 539 2644 Charisius,
556 2616 589 2647 p.
608 2607 669 2637 123
687 2607 727 2638 K.

251 2649 362 2682 30-31.
408 2649 553 2687 Nonius,
577 2659 609 2690 p.
634 2651 709 2681 334.
755 2661 795 2682 ea:
818 2652 1046 2683 emendatione
1070 2652 1225 2684 Mercari.
1271 2662 1392 2685 necum
1421 2662 1594 2693 quoquam
1618 2652 1788 2694 acceperis
1834 2676 1842 2684 .
1890 2676 1898 2685 .
1945 2676 1953 2684 .
2000 2675 2008 2684 .
2054 2651 2166 2684 Nonii.

165 2691 255 2724 libri.
302 2692 378 2724 Nisi
394 2693 436 2725 ab
453 2703 489 2725 se
505 2693 688 2725 Mercerus.

250 2735 438 2770 Bacchides
454 2735 530 2768 due.
555 2735 761 2768 Pistoclerus
777 2736 975 2770 adolescens
990 2737 1029 2770 F.
1075 2737 1237 2770 bachides
1254 2738 1291 2771 C.
1336 2749 1396 2772 om.
1413 2739 1487 2771 BD.
