2346 3043
119 156 168 190 ‚30
825 151 1029 188 PLAI'TI
1074 151 1406 191 BAOCHIDES.

973 270 1256 308 Pmrocmmrs

385 325 520 370 Mane,
541 325 638 363 (lum
659 324 810 364 scribit.

991 377 1238 417 CHRYSALUS.

834 432 1013 471 Celerem
1034 436 1190 482 oportet
1211 433 1295 470 csse
1316 433 1510 471 amatoris
1530 445 1712 470 manum.

974 496 1257 534 P1srocLERcs.

387 539 438 590 ,it
458 551 619 601 quidem
641 550 772 590 herclc
794 550 835 588 in
856 550 1103 600 perdendum
1124 551 1255 599 magis
1275 563 1396 600 quam
1418 550 1467 589 ad
1490 550 1746 590 scribendum
1767 551 1860 591 cito.

965 614 1266 653 Mxsssmocnus.

385 669 590 719 Loquere;
622 669 697 708 hoc
719 669 967 719 scriptumst.

992 722 1239 760 CHRYSALUS.

867 782 890 797 ‘⁸
907 775 1038 821 Nunc,
1061 779 1173 826 pater
1193 776 1262 821 mi,
1286 777 1401 826 proin
1423 779 1467 814 tu
1488 775 1537 815 ab
1559 789 1604 815 eo
1623 780 1666 815 ut
1687 779 1832 816 cauez'is
1854 777 1941 823 tibi,
2037 780 2113 819 735

387 830 685 880 Si'icophantiais
706 830 909 879 conponit,
932 829 1077 868 aurum
1098 837 1142 868 ut
1163 829 1234 868 abs
1255 839 1293 868 te
1314 830 1471 869 auferat
1489 843 1496 874 ;

386 881 440 931 lslt
462 892 639 942 profecto
660 904 700 930 se
722 891 953 930 ablaturum
973 891 1117 930 dixit?
1177 891 1303 931 Plane
1324 891 1555 931 adscribito.

962 955 1268 996 MNESILOGHL'S.

387 1011 461 1050 Dic
482 1010 615 1049 modo.

993 1064 1240 1103 CHRYSALUS.

657 1124 679 1140 “
696 1119 827 1168 Atque
846 1118 887 1156 id
907 1118 1117 1168 pollicetur
1138 1119 1178 1157 sc
1198 1118 1389 1157 daturum
1412 1119 1557 1157 aurum
1577 1120 1692 1164 mihi,

386 1172 500 1219 Quod
520 1172 611 1211 dem
634 1172 789 1218 scortis,
808 1172 992 1222 quodque
1012 1171 1054 1210 in
1075 1172 1215 1211 lustris
1236 1172 1446 1219 comedim,
1469 1176 1508 1212 ei:
1529 1174 1804 1222 congiaecem,
1826 1177 1954 1224 pater.

389 1226 479 1272 sed,
502 1230 627 1277 pater,
651 1226 742 1265 uide
763 1227 812 1264 nc'
834 1225 907 1264 t-ibi
928 1225 1046 1264 hodie
1068 1225 1190 1264 uerba
1210 1226 1300 1272 det;
1332 1228 1494 1276 quaeso,
1517 1229 1658 1266 caue.’'
2039 1230 2118 1270 740

964 1291 1266 1330 MNESILOCHUS.

387 1345 568 1395 Loquere
589 1358 720 1395 porro.

994 1399 1241 1438 CHRYSALUS.

739 1452 1044 1491 Adscribedum.

966 1517 1270 1556 MNEsmocuus.

1064 1571 1203 1609 Etiam
1224 1572 1397 1622 loquere,
1419 1572 1515 1622 quid
1537 1572 1724 1618 scribz'im,
1746 1573 1879 1611 modo.

994 1636 1241 1675 CHRYSALUS.

391 1697 414 1712 ‘⁴
433 1690 525 1736 Sed,
547 1693 673 1740 pater,
695 1690 801 1740 quod
822 1690 1042 1740 promisisti
1063 1690 1177 1735 mihi,
1200 1694 1238 1729 te
1259 1703 1406 1740 quaeso
1428 1695 1472 1729 ui:
1493 1691 1741 1737 memineris,

390 1744 449 1783 Ne
467 1744 583 1782 illum
604 1743 803 1789 uerberes,
826 1757 968 1782 uerum
988 1744 1095 1794 apud
1116 1748 1154 1782 te
1176 1745 1361 1783 uinctum
1381 1745 1595 1784 adseruato
1615 1746 1769 1784 domi.”

390 1798 496 1837 Ce'do
516 1802 561 1836 tu
581 1811 713 1837 ceram
735 1810 780 1837 ac
801 1798 930 1836 linum
952 1802 1149 1837 actutum.
1207 1799 1291 1848 Age
1312 1798 1458 1849 obliga,
1481 1798 1651 1849 obsigna
1672 1800 1764 1839 cito.

966 1863 1272 1902 MNEsmocHus.

391 1905 578 1968 Obsecro,
601 1916 696 1966 quid
716 1916 806 1955 istis
825 1916 875 1955 ad
896 1916 1029 1955 istunc
1050 1916 1167 1956 usust
1187 1917 1425 1967 conscriptis
1445 1917 1624 1963 modum,
2042 1921 2117 1959 745

394 1971 448 2009 L't
468 1970 540 2009 tibi
561 1984 610 2009 ne
631 1970 726 2021 quid
746 1971 881 2010 credat
901 1975 1020 2021 atque
1041 1974 1085 2009 ut
1105 1972 1290 2010 uinctum
1311 1975 1349 2010 ‘ce
1369 1971 1555 2010 adseruet
1575 1972 1683 2011 domi
1698 1973 1716 2010 ἵ)

997 2036 1244 2075 CHRYSALUS.

393 2089 497 2136 Quia
516 2090 572 2128 ita
592 2089 693 2127 mihi
713 2089 837 2128 lubet.
896 2089 1030 2133 Potin,
1054 2094 1097 2128 ut
1118 2103 1232 2128 cures
1253 2094 1291 2128 te
1313 2092 1431 2140 zitque
1454 2094 1497 2129 ut
1518 2103 1568 2129 ne
1589 2093 1731 2140 paretis
1751 2091 1883 2130 mihi?

392 2144 483 2181 Mea
504 2143 650 2182 fiducia
670 2143 770 2193 opus
791 2143 963 2182 conduxi
985 2147 1023 2181 et
1045 2145 1134 2182 meo
1154 2144 1303 2194 periclo
1323 2145 1408 2182 rem
1429 2157 1538 2194 gero.

212 2257 284 2289 733.
309 2256 441 2288 ederem
467 2256 530 2287 Da.
597 2257 670 2288 734.
695 2256 806 2295 Atque
829 2255 919 2287 idem
944 2257 1035 2288 libri.
1093 2256 1136 2288 At
1160 2255 1298 2296 quidem
1323 2255 1459 2294 Mulier,
1475 2236 1570 2288 Uss.
1611 2265 1665 2288 em
1689 2256 1729 2288 B.
1775 2256 1855 2287 hem
1882 2256 1950 2288 CD.
1997 2260 2049 2289 est
2077 2256 2120 2289 ad

755 2307 772 2324 u

123 2348 278 2389 Pylades,
307 2348 535 2380 Camerarius.
595 2348 770 2389 perdunde
798 2349 834 2381 C.
889 2348 933 2381 ad
957 2349 1181 2380 scribundum
1205 2349 1244 2381 F.
1289 2347 1555 2381 asscribundum
1579 2348 1649 2381 CD.
1699 2347 1962 2381 adscribendum
1986 2349 2026 2382 B.
2076 2349 2120 2382 ad

123 2391 342 2424 scribendum
367 2392 403 2423 Z.
457 2392 525 2424 cita
549 2392 666 2423 Herm.
720 2392 788 2423 cito
812 2393 851 2424 Β.
907 2392 991 2424 scito
1015 2393 1085 2424 CD.
1146 2392 1235 2424 citus
1260 2392 1298 2423 Z.
1360 2393 1433 2424 735.
1458 2391 1624 2432 scriptum
1649 2395 1680 2424 st
1704 2392 1743 2424 B.
1808 2392 1976 2433 scriptum
2000 2395 2052 2424 est
2075 2393 2117 2424 D.

124 2435 289 2466 scribtum
312 2438 363 2467 est
387 2435 424 2466 C.
485 2435 559 2476 proi
574 2460 580 2466 .
596 2459 604 2467 .
619 2460 626 2467 .
642 2459 649 2466 .
664 2435 747 2467 abeo
771 2436 832 2467 Ba.
893 2436 992 2476 proin
1011 2460 1018 2467 .
1036 2439 1074 2467 tu
1099 2435 1182 2467 abeo
1206 2435 1269 2467 Bb.
1329 2435 1514 2475 prointuab
1531 2445 1569 2467 eo
1586 2436 1627 2467 D.
1692 2437 1764 2468 736.
1791 2436 2060 2477 Siehophantias
2075 2436 2117 2468 B.

124 2477 360 2519 sicophantias
387 2478 457 2511 CD.
519 2478 770 2519 Sycophantias
797 2479 835 2511 F.
891 2479 1145 2520 Sucophantias
1172 2479 1213 2510 R.
1271 2482 1304 2510 te
1333 2480 1424 2510 libri.
1485 2478 1540 2510 ted
1565 2479 1794 2511 Camerarius.
1855 2482 1888 2511 te
1911 2479 1976 2511 hoc
1999 2480 2119 2512 Herm.

125 2523 199 2555 737.
223 2521 408 2554 adscribito
431 2522 471 2553 B.
528 2522 707 2554 asseribito
731 2522 800 2554 CD.
870 2524 943 2555 739.
968 2525 1117 2562 quotque
1142 2522 1182 2553 D.
1244 2522 1389 2554 illustris
1413 2522 1476 2553 Da.
1538 2522 1574 2553 in
1602 2522 1721 2554 lustris
1749 2522 1810 2554 Dc.
1871 2522 2028 2555 comedin
2057 2523 2118 2555 Ba.

246 2573 262 2591 8

124 2598 292 2630 comedim
308 2598 372 2630 Bb.
410 2598 585 2630 comedam
600 2598 649 2630 Dc
666 2609 682 2630 e
697 2609 779 2630 corr.
797 2609 869 2630 cum
885 2601 1037 2640 reliquis.
1076 2603 1108 2630 et
1121 2608 1321 2639 congregem
1335 2600 1427 2630 libri.
1474 2601 1507 2630 et
1518 2608 1740 2638 congraecem
1757 2598 1875 2637 Aldus,
1891 2599 2119 2632 Camerarius.

127 2642 201 2675 740.
226 2641 304 2673 uide
327 2642 366 2673 B.
420 2652 482 2674 om.
506 2644 641 2682 reliqui.
695 2652 800 2681 queso
816 2642 917 2674 BCD.
972 2644 1045 2675 741.
1070 2641 1321 2674 adscribedum.
1346 2642 1424 2673 MN.
1449 2642 1554 2674 etiam
1579 2642 1716 2682 loquere
1742 2643 1834 2674 libri.
1885 2642 2119 2675 asscribedum

126 2685 196 2717 CD.
235 2684 318 2725 quid
333 2685 401 2717 BC.
440 2684 522 2716 dum
539 2685 573 2717 id
590 2685 631 2717 D.
679 2687 752 2718 742.
777 2689 810 2717 te
825 2686 926 2718 BCD.
974 2688 1046 2719 743.
1065 2686 1174 2717 ullum
1191 2686 1255 2717 Da.
1295 2684 1478 2717 adseruato
1491 2686 1531 2717 B.
1577 2689 1754 2718 asseruato
1772 2687 1908 2726 reliqui.
1956 2687 2030 2718 744.
2054 2686 2120 2719 hac

126 2729 167 2760 B.
214 2730 286 2762 745.
312 2738 395 2760 usus
412 2731 444 2760 st
459 2728 499 2760 B.
547 2738 629 2760 usus
645 2731 696 2760 est
721 2728 790 2760 CD.
837 2729 1051 2769 conscriptus
1075 2729 1140 2761 CF.
1188 2729 1261 2762 746.
1287 2728 1437 2761 CHRIS.
1462 2729 1523 2761 Dc.
1569 2729 1727 2761 adseruet
1751 2739 1870 2761 omnes,
1932 2730 2006 2762 747.
2031 2730 2119 2771 Quia

127 2773 175 2804 ita
193 2771 278 2803 mihi
295 2771 400 2804 lubet.
417 2772 514 2813 potin
531 2777 569 2804 ut
586 2772 654 2803 BC.
701 2772 788 2812 Quia
804 2772 890 2804 mihi
907 2772 956 2804 ita
974 2773 1014 2804 D.
1062 2774 1135 2806 748.
1160 2772 1281 2804 fidutia
1297 2772 1365 2805 BC.
1411 2772 1562 2814 periculo
1580 2774 1670 2805 libri.
1717 2772 1842 2814 periclo
1859 2772 1981 2805 Bothe.
