2346 3043
166 186 216 222 28
866 178 1069 216 PLAUTI
1122 176 1454 216 BACCHIDES.

433 290 577 339 Omnis
597 300 644 338 ad
667 298 884 349 perniciem
905 298 1104 336 instructa
1123 297 1266 335 domus
1287 296 1418 346 opime
1439 299 1558 345 atque
1580 294 1765 344 opipare;
2077 294 2156 334 370

433 355 544 402 Quale
565 358 609 392 ut
629 352 806 403 adspexi,
827 352 891 389 1116
912 351 1104 390 continuo
1124 350 1275 389 contuli
1297 349 1499 399 protinam
1521 349 1562 386 in
1583 348 1715 398 pedes.

434 406 574 466 Egone
596 420 639 453 ut
660 415 757 452 haec
778 413 967 453 conclusa
987 416 1141 462 gestem
1162 411 1422 450 clanculum?
1454 415 1498 448 ut
1519 410 1643 449 6616111
1665 413 1833 459 patrem,

433 469 663 514 Pistoclere,
686 467 756 506 tua
776 467 930 517 flagitia
949 471 1019 504 aut
1039 466 1190 504 damna
1210 469 1279 503 aut
1300 464 1562 508 11661111111111111,

433 524 587 570 Quibus
608 526 763 572 patrem
785 525 823 559 et
843 534 906 559 me
928 521 1044 570 teque
1065 519 1293 568 amicosque
1313 519 1453 556 01111166
1474 517 1658 555 adfiictas
1680 518 1798 555 tuos?

434 575 493 624 ‚fid
515 584 719 634 probrum,
741 581 950 627 dammim,
974 581 1173 630 flagitium
1195 580 1391 629 adpellere
1414 592 1494 617 una
1515 583 1553 617 et
1574 578 1749 628 perdere,
2079 580 2156 618 375

433 640 569 689 Nc'que
588 638 667 676 mei
688 649 815 686 neque
837 637 874 674 te
896 636 954 674 tui
975 635 1085 673 intus
1103 634 1330 683 puditumst
1352 634 1481 677 factis,
1503 635 1605 682 quae
1627 632 1738 677 facis,

433 692 588 740 Quibus
609 695 725 729 tuum
746 690 900 739 patrem
921 701 1063 737 meque
1084 701 1178 732 una,
1201 688 1365 732 amicos,
1387 687 1534 724 adfinis
1555 691 1646 724 tuos

433 746 520 785 Tua
539 745 709 783 infamia
731 743 859 782 fecisti
879 741 1156 792 gerulifigulos
1177 741 1319 789 fizigiti.

432 800 550 839 Nunc
570 799 680 849 prius
701 810 822 847 quam
844 797 998 834 malum
1020 796 1120 833 istoc
1141 795 1268 839 addis,
1292 795 1500 838 certumst,
1522 793 1603 831 iam
1625 793 1756 831 dicam
1778 793 1896 843 patri.

431 855 491 893 De
511 866 575 891 me
599 853 704 890 hanc
725 851 885 900 culpam
906 848 1126 888 demolibor
1146 849 1227 886 iam
1248 849 1286 886 et
1309 848 1393 886 seni
1415 847 1561 886 faciam
1582 846 1730 896 palam,
2080 847 2159 884 380

433 903 490 955 Ut
510 927 602 954 eum
623 927 670 952 ex
691 912 893 951 lutulento
913 923 1036 951 coeno
1057 911 1222 960 propere
1243 909 1338 948 hinc
1360 908 1493 948 eliciat
1515 908 1636 947 foras.

795 1140 921 1188 ΑΟΤ
980 1140 1077 1187 ΙΙΙ.
1167 1140 1383 1188 SGENE
1444 1139 1514 1187 Π.

747 1265 1152 1306 MNESILocHUs
1201 1264 1589 1304 ADULESCENS.

433 1386 686 1427 Multimodis
706 1385 925 1424 meditatus
945 1388 1103 1435 egomet
1123 1386 1282 1423 1116611111
1305 1397 1394 1423 611111
1415 1387 1454 1422 et
1473 1383 1530 1422 ita
1551 1396 1635 1422 esse
1657 1383 1851 1429 arbitron

432 1441 601 1480 Homini
622 1440 764 1485 amico,
787 1440 895 1489 quist
915 1439 1069 1477 amicus
1090 1440 1147 1477 ita
1167 1439 1226 1476 uti
1247 1451 1394 1477 nomen
1415 1437 1604 1488 possidet,

432 1496 520 1534 Nisi
541 1496 634 1534 deos
655 1495 690 1533 ei
710 1494 813 1531 nihil
833 1496 1049 1543 praestare.
1109 1493 1154 1530 Id
1175 1494 1294 1542 (Spera
1314 1495 1501 1542 expertus
1523 1504 1612 1529 sum
1634 1491 1719 1529 6666
1741 1491 1811 1529 ita.

432 1550 537 1588 Nam
571 1552 616 1587 ut
650 1548 693 1586 in
725 1547 934 1597 Ephesum
966 1546 1061 1585 111116
1097 1546 1175 1584 abii
1210 1571 1262 1574 —
1296 1546 1370 1584 hoc
1406 1546 1598 1584 factumst
1633 1545 1757 1583 ferme
1796 1544 1945 1584 abhinc

1499 1598 1709 1637 biennium
1729 1622 1782 1626 —
2081 1600 2158 1637 385

431 1645 496 1695 Ex
518 1656 681 1706 Epheso
702 1655 781 1694 huc
801 1654 851 1692 ad
873 1653 1139 1692 Pistoclerum
1161 1653 1299 1692 meum
1322 1653 1501 1691 sodalem
1521 1653 1678 1691 litteras

433 1710 541 1756 Misi,
564 1710 736 1748 amicam
756 1712 801 1746 ut
821 1708 877 1745 mi
899 1707 1101 1746 inueniret
1122 1707 1380 1746 Bacchidem.
1439 1706 1563 1743 Illum
1583 1706 1772 1755 intellego

434 1772 659 1817 Inuenisse,
682 1774 726 1809 ut
748 1771 884 1809 seruos
905 1783 1018 1807 meus
1038 1769 1141 1806 mihi
1162 1768 1368 1806 nuntiauit
1390 1767 1623 1817 Chrysalus.

435 1826 642 1875 Condigne
662 1825 709 1870 is,
732 1837 853 1874 quam
875 1824 1064 1862 technam
1085 1823 1132 1861 de
1153 1835 1250 1860 auro
1272 1822 1488 1860 aduersum
1510 1834 1645 1859 meum
1668 1821 1761 1860 fecit
1782 1824 1950 1871 patrem,

435 1876 491 1926 I'Jt
512 1887 611 1925 mihi
632 1886 786 1925 amanti
807 1885 920 1935 copia
940 1887 1064 1923 esset!
1127 1884 1204 1923 Sed
1226 1885 1298 1933 e'go
1318 1896 1382 1921 me
1404 1883 1518 1921 video
1538 1882 1733 1921 incedere.
2081 1885 2160 1923 390

435 1942 539 1980 Nalm
560 1941 626 1990 pol
646 1940 808 1990 quidem
829 1952 918 1977 meo
940 1938 1076 1978 {inimo
1096 1938 1256 1987 ingrato
1276 1937 1439 1975 homine
1460 1936 1562 1973 nihil
1583 1936 1824 1986 inpensiust.

183 2136 194 2167 l
251 2093 326 2167 ΒΕΘ.
349 2091 542 2133 permitiem
565 2091 628 2123 Ba.
680 2089 862 2130 pernitiem
885 2090 1008 2122 BbCD.
1062 2091 1202 2132 opipare
1227 2093 1318 2125 libri.
1373 2095 1447 2126 372.
1473 2093 1557 2125 haec
1573 2092 1733 2125 conclusa
1756 2092 1796 2123 B.
1850 2091 1935 2124 haec
1952 2089 2105 2123 conclusi
2122 2089 2159 2122 0.

163 2146 181 2168 6
198 2145 260 2167 usa
311 2159 318 2167 .

514 2185 531 2202 u

251 2213 326 2245 373.
359 2210 569 2243 desidiabola
599 2210 641 2242 D.
709 2210 784 2241 374.
809 2218 928 2240 omnes
960 2210 1051 2241 libri.
1109 2209 1222 2242 omnis
1251 2211 1339 2242 Non.
1396 2212 1538 2244 affectas
1571 2212 1608 2243 Z.
1654 2210 1812 2243 adflictas
1841 2211 1882 2243 B.
1933 2209 2067 2242 affictas
2100 2209 2160 2242 Ca.

164 2255 311 2288 afflictas
328 2254 420 2287 CbD.
466 2256 540 2286 375.
565 2253 738 2294 appellare
754 2252 792 2284 F.

251 2299 326 2331 376.
351 2298 417 2329 mei
445 2297 568 2329 BCDb.
615 2307 669 2328 me
693 2297 756 2328 Da.
803 2298 836 2326 te
863 2296 915 2327 tui
943 2297 1034 2328 libri.
1080 2296 1240 2336 puditum
1270 2300 1301 2330 st
1328 2298 1367 2330 B.
1429 2298 1589 2338 puditum
1618 2300 1668 2330 est
1697 2299 1834 2338 reliqui.
1895 2296 2063 2337 factisque
2091 2296 2162 2329 01).

163 2342 265 2374 factis
282 2342 312 2381 q'
331 2341 392 2372 Ba.
439 2342 514 2373 377.
542 2340 666 2372 adfinis
682 2341 722 2371 B.
769 2338 882 2370 affinis
900 2339 936 2370 0.
983 2341 1102 2371 affines
1120 2340 1160 2372 D.

251 2386 326 2418 378.
351 2384 425 2416 Tua
449 2385 542 2416 libri.
599 2383 706 2423 geruli
730 2383 852 2423 figulos
873 2382 973 2414 BCD.
1031 2383 1154 2423 flagitii
1172 2385 1262 2416 libri.
1309 2386 1383 2418 379.
1408 2385 1539 2416 malum
1559 2384 1646 2416 istoc
1664 2384 1704 2416 R.
1722 2384 1840 2416 Herm.
1886 2382 1961 2415 adis
1979 2383 2016 2415 Z.
2062 2382 2161 2415 addis

165 2428 319 2468 Pylades.
366 2430 496 2459 certum
514 2432 545 2458 st
561 2427 601 2459 B.
647 2429 778 2459 certum
795 2428 846 2457 est
862 2427 999 2466 reliqui.
1046 2428 1120 2458 381.
1146 2427 1192 2458 Ut
1209 2437 1288 2458 eum
1307 2429 1398 2459 libri.
1439 2428 1485 2460 Ut
1503 2438 1597 2459 suem
1616 2429 1655 2459 A.
1675 2428 1819 2459 Palmer.
1865 2436 1948 2458 ceno
1959 2427 1999 2458 B.
2038 2425 2159 2458 eliceat

165 2472 206 2503 D.
253 2472 597 2503 MNESILOCHUS
621 2470 931 2502 ADOLESGENS
958 2470 1090 2501 BDFZ.
1136 2472 1444 2503 MNESILOCUS
1468 2472 1507 2502 B.
1569 2482 1629 2503 om.
1655 2471 1692 2503 C.
1750 2472 1825 2503 382.
1850 2469 2084 2502 Mnesilochus
2125 2471 2162 2503 C.

165 2547 380 2580 Multimodis
397 2547 624 2579 Camerarius.
673 2547 792 2578 Multis
809 2547 920 2578 modis
938 2548 1030 2578 libri.
1076 2522 1282 2579 arbitroer.
1329 2549 1403 2579 383.
1443 2550 1542 2587 quest
1559 2548 1599 2579 B.
1645 2547 1766 2587 quiest
1780 2548 1916 2588 reliqui.
1971 2548 2047 2579 384.
2073 2546 2162 2578 nihil

165 2603 256 2633 libri.
302 2603 454 2641 prestare
477 2600 576 2631 BCD.
623 2610 696 2632 6666
714 2601 762 2631 ita
784 2600 911 2630 CDFZ.
958 2599 1007 2630 ita
1031 2608 1105 2630 esse
1129 2600 1168 2631 Β.
1217 2601 1290 2631 385.
1319 2599 1414 2631 habii
1438 2600 1479 2631 D.
1526 2599 1656 2631 factum
1674 2602 1706 2631 st
1721 2599 1762 2631 B.
1808 2599 1937 2630 factum
1955 2600 2007 2630 est
2023 2599 2159 2638 reliqui.

164 2646 238 2677 386.
267 2644 420 2676 sodalem
434 2653 548 2675 meum
563 2644 654 2675 libri.
712 2653 827 2674 meum
841 2643 991 2675 sodalem
1010 2643 1238 2674 Camerarius.
1298 2645 1372 2676 387.
1403 2643 1489 2674 mihi
1504 2644 1594 2674 libri.
1641 2642 1747 2683 inpro
1762 2642 1872 2674 utCa.
1929 2643 2004 2673 388.
2034 2641 2161 2673 Seruus

165 2697 261 2720 meus
291 2687 378 2719 mihi
409 2688 499 2719 libri.
555 2687 679 2719 Seruos
712 2687 830 2718 Herm.
876 2686 1043 2718 ckrisalus
1076 2687 1114 2718 B.
1171 2686 1341 2718 chrisalus
1373 2686 1414 2718 D.
1481 2688 1555 2719 389.
1584 2688 1719 2718 tecnam
1751 2685 1851 2718 BCD.
1902 2685 2062 2717 technam
2093 2685 2160 2716 FZ.

165 2731 351 2763 aduorsum
369 2731 409 2762 B.
455 2730 639 2762 aduersum
656 2731 793 2771 reliqui.

252 2776 326 2808 391.
350 2774 486 2815 quidem
504 2783 580 2806 meo
598 2775 689 2806 libri.
736 2773 895 2814 inpensiu
912 2775 943 2806 st
961 2773 1021 2805 Ba.
1068 2773 1248 2814 inpensius
1266 2774 1298 2805 st
1316 2773 1376 2805 Bc.
1423 2772 1602 2814 inpensius
1618 2774 1670 2805 est
1687 2772 1756 2804 CD.
