2346 3043
167 179 259 216 xviii
937 178 1369 218 INTRODUCTION.

274 296 443 336 Plautus
473 297 596 336 Poeta
625 297 881 336 doctissimus
901 298 1016 348 juxta
1036 301 1074 336 et
1096 297 1394 337 festivissimus.
1453 298 1568 338 Certe
1589 311 1670 338 non
1702 300 1973 350 superficiaria
1992 304 2052 340 est
2073 302 2160 352 ejus

165 351 350 396 eruditio,
392 351 459 389 sed
498 351 777 390 intercutanea
810 364 985 401 prorsus,
1019 355 1058 390 et
1095 364 1184 402 quae
1218 352 1401 402 vulgaria
1439 353 1568 403 specie
1601 353 1821 404 saepissime
1852 354 1968 394 fallat
2002 355 2159 406 (Coelius

166 406 432 455 Rlzode'gn'nus).

272 458 470 497 Plautina}
500 458 688 497 dictionis
708 471 835 508 genus
865 471 946 497 non
976 462 1036 498 est
1065 462 1251 498 nostrum
1281 459 1507 505 emendare,
1529 460 1597 510 qui
1617 460 1677 498 illi
1698 473 1793 500 sane
1817 461 1976 500 barbari
1997 475 2156 508 sumus;

164 515 234 550 aut
255 512 287 550 si
303 512 453 557 Latini,
471 512 608 551 Latini
630 516 735 551 certe
755 512 865 551 illius
878 512 1085 552 beneficio.
1135 513 1334 552 Numeros
1350 526 1431 552 non
1449 514 1737 553 desideramus.
1782 514 1980 566 Antiquas
2000 515 2158 555 dicendi

163 565 314 615 figuras
335 578 416 605 non
436 566 514 604 nisi
534 566 659 616 inepti
676 578 836 616 carpere
856 566 1007 605 ausint.
1065 566 1197 605 Erant
1217 567 1325 606 enim
1346 567 1485 607 Romae
1506 571 1594 607 tum
1611 568 1826 615 Atticismi,
1841 582 1940 620 quos
1961 569 2158 609 curiosius

165 619 356 658 saeculum
376 622 514 669 postea
534 623 594 658 est
613 623 874 670 aspernatum
896 621 944 671 (J
945 621 1045 658 edim
1069 622 1193 659 Coesar
1215 621 1414 673 Scaliger).

271 673 466 712 Praeclare
486 676 525 712 et
546 673 699 712 utiliter
719 686 839 723 opera
859 674 1033 713 sumitur
1053 673 1103 712 ab
1128 674 1197 720 iis;
1228 687 1400 725 quorum
1421 675 1626 725 provincia
1651 678 1712 715 est
1731 675 1940 715 literarum
1961 676 2156 724 doctrina,

163 726 205 764 in
248 726 513 777 explicatione
555 727 838 766 Plautinorum
882 728 1136 778 scriptorum,
1176 729 1373 778 przecipue
1413 729 1446 768 si
1488 729 1638 768 Latina
1680 729 1820 780 lingua
1863 730 2052 770 discenda
2090 731 2155 770 sit.

163 779 354 819 Plautina
387 781 493 819 euim
525 781 674 831 scripta
703 794 782 831 quo
812 781 949 820 minus
983 794 1079 821 cura
1111 782 1226 832 quasi
1260 782 1515 828 concinnata,
1546 786 1585 822 et
1619 785 1705 822 arte
1736 783 1940 823 elaborata
1971 788 2079 830 sunt,
2111 797 2157 824 eo

161 834 419 873 manifestius
453 838 492 873 et
524 835 672 874 certius
704 835 745 873 in
775 835 852 882 his,
886 836 1108 886 proprietas
1142 840 1181 874 et
1219 839 1367 875 natura
1400 837 1570 887 Linguae
1604 837 1763 876 Latinae
1797 838 2055 889 conspicitur,
2089 841 2154 878 &a

163 888 456 940 (Camerarius).

270 942 440 981 Plautus
459 942 574 981 valde
595 942 758 993 elegans
778 943 1029 993 Latinusque
1051 943 1239 983 Comicus
1262 944 1466 995 (Hadrian
1488 946 1666 994 Tin-neb).

269 995 440 1034 Plautus
469 996 649 1035 eruditus
677 1000 836 1043 auctor;
873 1010 918 1036 ac
947 997 1098 1035 mirum
1128 997 1170 1035 in
1200 998 1366 1036 modum
1397 998 1573 1037 sermoni
1602 999 1752 1037 Latino
1782 999 1893 1037 utilis
1915 999 2154 1052 (Victorius).

269 1049 439 1088 Plautus
455 1050 625 1089 fortasse
640 1050 824 1090 licentior
840 1065 847 1096 ;
881 1051 948 1090 sed
965 1055 1115 1096 tamen,
1133 1052 1229 1101 quid
1245 1065 1290 1090 eo
1304 1052 1353 1090 ad
1369 1052 1695 1102 locupletandam
1710 1053 1901 1091 Latinam
1915 1054 2153 1100 orationem,

160 1106 199 1142 et
220 1103 455 1142 facilitatem
477 1105 688 1149 sermonis,
710 1105 944 1155 copiamque
965 1105 1178 1143 verborum
1199 1109 1330 1156 potest
1350 1119 1436 1144 esse
1457 1106 1626 1145 utilius?
1650 1107 1896 1158 (Sadalam).

269 1157 433 1196 Meliore
454 1158 720 1208 Antiquitatis
749 1163 911 1198 auctore
931 1172 1013 1198 non
1035 1159 1187 1198 utimur
1213 1173 1335 1209 quam
1356 1160 1527 1199 Plautus
1547 1163 1620 1206 est,
1642 1161 1710 1199 ille
1739 1161 1950 1199 Musarum
1972 1174 2155 1200 sermone

159 1210 318 1250 locutus
341 1213 574 1263 (C'lesietius)
583 1241 590 1250 .

268 1264 437 1303 Plautus
466 1265 533 1304 ille
564 1266 732 1316 scriptor
751 1270 811 1305 est
830 1267 898 1316 qui
928 1267 1158 1316 puritatem,
1180 1267 1248 1316 qui
1277 1267 1563 1317 proprietatem
1593 1268 1790 1307 sermonis
1811 1268 2057 1319 suppeditet;
2088 1269 2154 1307 ille

158 1317 227 1367 qui
258 1318 544 1365 urbanitatem,
576 1320 698 1370 jocos,
731 1321 847 1366 sales,
878 1324 917 1359 et
950 1333 1039 1359 eam
1071 1320 1298 1360 Atticorum
1329 1322 1527 1360 Venerem
1562 1322 1748 1368 sufficiat,
1774 1335 1895 1372 quam
1929 1322 2081 1361 frustra
2111 1323 2154 1361 in

158 1371 310 1422 reliquo
330 1372 479 1412 Latino
499 1386 654 1423 quzeras
677 1375 733 1425 (J.
756 1375 942 1426 Lipsius).

267 1426 436 1465 Plautus
455 1427 556 1465 illud
575 1428 778 1473 delicium,
799 1429 880 1474 ille,
903 1431 947 1466 ut
969 1428 1024 1467 sic
1044 1428 1189 1472 dicam,
1211 1428 1346 1478 pullus
1368 1429 1562 1468 Romanae
1582 1429 1724 1475 Musae,
1747 1429 1789 1467 in
1810 1429 2018 1468 literarum
2039 1430 2154 1480 quasi

157 1480 353 1528 penetrali
383 1484 455 1526 est,
486 1494 564 1530 quo
596 1495 677 1520 non
707 1482 786 1520 nisi
815 1482 965 1520 initiati
992 1483 1204 1528 accedant3
1235 1486 1274 1521 et
1303 1483 1371 1533 qui
1395 1496 1419 1521 a
1440 1496 1480 1521 se
1511 1487 1673 1533 spernat
1703 1483 1919 1533 profanum
1939 1483 2086 1534 vulgus
2115 1487 2154 1523 et

156 1537 289 1572 arceat
332 1564 339 1572 .
387 1564 394 1572 .
443 1564 450 1572 .
495 1535 666 1574 Plautus
686 1536 840 1575 decima
860 1536 993 1574 Musa.

321 1617 330 1626 .
375 1588 503 1627 Nemo
524 1589 715 1628 Plautum
735 1593 859 1635 amat,
881 1603 1000 1640 quem
1021 1603 1103 1628 non
1124 1590 1267 1629 melior
1289 1590 1408 1629 Musa
1428 1594 1467 1629 et
1488 1590 1678 1630 Phoebus.
1731 1621 1740 1630 .
1792 1621 1800 1629 .

263 1641 433 1680 Plautus
453 1642 665 1681 Musarum
686 1647 724 1682 et
746 1644 980 1682 Gratiarum
1001 1644 1144 1682 hortus
1167 1645 1224 1695 (J.
1252 1645 1434 1696 Lipsius).

263 1695 451 1745 Optimus
471 1696 660 1746 loquendi
680 1697 889 1747 Magister,
911 1698 1081 1736 Plautus
1104 1698 1341 1749 (GszaMus).

261 1748 619 1799 Ingeniosissimus
639 1754 678 1790 et
699 1752 970 1790 facetissimus
991 1752 1197 1790 Poetarum
1236 1752 1406 1790 Plautus
1430 1752 1678 1804 (Cas-auton).

262 1802 339 1849 Qui
360 1803 552 1842 Plautum
574 1804 787 1844 Comoediae
807 1805 964 1844 Latinae
985 1809 1193 1856 parentem
1209 1806 1413 1855 despectui
1434 1806 1598 1851 habent,
1616 1807 1663 1845 de
1684 1806 1827 1856 Apulei
1843 1806 1945 1844 mihi
1965 1807 2152 1857 prosapia

153 1855 361 1896 videntur:
391 1857 430 1895 id
451 1862 523 1903 est,
546 1858 653 1897 inter
673 1859 810 1898 asinos
830 1860 1040 1909 praecipui;
1071 1872 1167 1897 nain
1188 1872 1334 1898 aureus
1354 1860 1421 1898 ille
1442 1860 1519 1898 fuit
1542 1861 1780 1912 (Mem-sius).

261 1910 391 1960 Atque
412 1911 535 1949 etiam
555 1912 597 1950 in
618 1913 770 1952 deliciis
790 1916 877 1951 tum
899 1913 1020 1952 fuerit
1040 1914 1087 1958 is,
1110 1926 1229 1963 quem
1250 1913 1348 1958 dixi,
1370 1913 1554 1959 Plautus,
1569 1915 1685 1965 cujus
1705 1914 1921 1953 dictionem
1943 1917 2150 1964 tantopere

153 1963 325 2002 celebrat
346 1965 566 2015 antiquitas
609 1996 616 2004 .
670 1997 677 2004 .
731 1997 739 2005 .
781 1967 908 2006 Venio
929 1980 1037 2006 nunc
1058 1967 1108 2005 ad
1129 1967 1241 2013 istos,
1264 1967 1332 2017 qui
1352 1967 1452 2005 illud
1472 1968 1635 2018 quidem
1656 1972 1882 2017 agnoscunt
1902 1968 1944 2005 in
1966 1981 2149 2007 sermone

152 2016 202 2055 ab
231 2030 276 2056 eo
299 2018 458 2070 (Varro)
482 2019 674 2058 Plautum
705 2021 894 2060 omnibus
923 2021 1101 2071 praeferri
1144 2051 1152 2059 .
1205 2050 1213 2059 .
1265 2051 1273 2059 .
1316 2022 1351 2060 ei
1387 2023 1550 2073 (Cicero)
1582 2022 1753 2060 Plautus
1782 2025 1867 2060 erat
1895 2022 1959 2060 lex
1987 2022 2150 2071 linguae

152 2071 360 2118 Romanae,
421 2102 429 2111 .
482 2103 489 2111 .
540 2074 672 2112 Multa
700 2074 805 2113 bona
825 2075 931 2125 apud
962 2075 1155 2120 Tullium,
1179 2075 1247 2113 sed
1268 2078 1307 2114 et
1327 2075 1433 2125 apud
1454 2076 1667 2121 Plautum3
1698 2076 1739 2114 in
1766 2089 1844 2126 quo
1872 2075 2149 2115 Romanorum

151 2124 374 2164 doctissimi
397 2139 598 2166 summam
620 2141 817 2178 agnovere
839 2129 1036 2168 sermonis
1056 2129 1341 2168 castimoniam
1363 2131 1563 2181 (Vossius).

260 2179 402 2218 Cetera
432 2181 570 2219 omnia
603 2195 691 2221 meo
725 2182 830 2221 bono
864 2183 1041 2233 periculo
1076 2183 1253 2221 studiose
1287 2186 1569 2222 consectentur
1599 2183 1779 2234 (youth);
1815 2196 1903 2233 quae
1936 2183 1968 2221 si
1998 2182 2150 2222 fuerint

150 2233 336 2279 assecuti,
372 2247 453 2272 non
488 2236 562 2274 erit
596 2236 701 2285 quod
740 2237 866 2275 alium
900 2237 1038 2276 Latini
1075 2237 1272 2276 sermonis
1306 2237 1461 2276 fontem
1496 2237 1545 2276 ad
1579 2237 1761 2276 hortulos
1796 2250 1889 2276 suos
1922 2237 2149 2286 irrigandos

150 2285 377 2325 desiderent
399 2289 688 2339 (Passeratius).

258 2340 428 2380 Plautus
462 2342 794 2382 eminentissmus
824 2344 950 2390 Poeta,
982 2347 1020 2383 et
1050 2345 1118 2395 qui
1148 2347 1208 2383 tot
1239 2344 1396 2383 saeoulis
1425 2344 1467 2382 in
1498 2357 1684 2394 supremo
1715 2345 1838 2390 stetit,
1867 2356 1940 2383 nec
1969 2344 2011 2382 in
2041 2357 2147 2384 com-

149 2395 399 2443 parationem
438 2396 567 2441 venit;
613 2410 685 2436 nec
723 2398 764 2435 in
804 2399 986 2437 ordinem
1027 2412 1067 2437 se
1106 2398 1193 2447 cogi
1232 2398 1385 2448 patitur
1425 2400 1670 2440 (Hermolaus
1711 2399 1938 2449 Barbarus).

149 2448 332 2497 quodque
367 2449 472 2487 inter
506 2463 646 2489 omnes
680 2451 838 2490 Latinae
874 2453 1083 2502 elegantiae
1120 2452 1332 2502 scriptores
1367 2452 1566 2490 familiam
1597 2453 1686 2502 jure
1718 2452 1838 2491 ducat
1871 2452 2146 2491 meritissimo.

149 2502 207 2546 (J.
246 2502 377 2551 Philip
413 2504 590 2554 Parvus).
650 2505 683 2542 E
719 2506 866 2555 quibus
904 2506 1056 2556 liquido
1091 2506 1343 2556 perspicitur,
1380 2519 1468 2555 quae
1507 2506 1755 2551 excellentia,
1795 2519 1883 2555 quae
1922 2505 2057 2544 Plauti
2096 2506 2148 2545 sit

149 2554 338 2604 dignitas.
415 2557 613 2603 Profecto,
655 2563 699 2597 ut
738 2573 857 2598 nemo
896 2560 1023 2609 pictor
1067 2563 1127 2598 est
1170 2560 1375 2605 inventus,
1415 2559 1483 2609 qui
1528 2559 1709 2609 Apellem
1747 2559 1937 2605 vinceret,
1979 2559 2148 2599 Veneris
2187 2577 2190 2580 ⁴

147 2608 367 2658 imaginem
409 2610 466 2649 ita
503 2611 707 2659 eleganter
745 2613 1043 2663 depingentem,
1085 2617 1130 2652 ut
1168 2613 1249 2652 oris
1287 2613 1546 2663 pulchritudo
1590 2614 1728 2652 formae
1768 2613 1966 2652 inchoatae
2006 2613 2147 2663 reliqui

148 2663 324 2712 corporis
359 2665 573 2714 superandi
609 2679 719 2716 spem
755 2668 917 2716 reliquis
948 2668 1143 2712 auferret;
1186 2667 1242 2706 sic
1276 2667 1481 2705 neminem
1516 2680 1601 2705 esse
1635 2667 1820 2712 arbitror,
1851 2667 1919 2716 qui
1949 2666 2146 2705 scribendi

147 2729 275 2766 genus
307 2717 557 2764 Plautinum,
593 2720 698 2768 quod
732 2733 851 2760 omne
883 2721 977 2760 tulit
1010 2724 1220 2772 punctum,
1256 2721 1519 2771 quantumvis
1553 2721 1708 2768 doctus,
1741 2721 1964 2771 adaequare,
1997 2721 2146 2759 nedum

148 2783 334 2820 superare
356 2772 482 2822 possit
504 2773 561 2823 (J.
589 2775 720 2822 Philip
744 2776 919 2823 Parem).
