2346 3043
906 177 1008 216 ACT
1052 177 1101 215 V.
1189 178 1365 219 SCENE
1412 183 1490 220 III.
2132 191 2180 228 75

1073 296 1316 338 NIGOBULUS.

899 349 1003 397 Quid
1023 363 1087 389 me
1109 351 1199 391 uis?

1059 421 1332 463 PfflLoxENUS.

1245 477 1373 517 Pudet
1393 479 1522 518 dicere
1543 480 1606 518 me
1627 479 1699 518 bibi
1720 480 1931 530 quiddam;

1072 546 1107 584 N
1111 559 1316 587 IGOBULUS.

416 598 521 646 Quid
541 602 601 638 est
621 599 726 649 qued
747 599 922 649 pudeat?

1058 654 1331 693 PmLoxENUs.

800 706 876 746 Sed
897 707 1026 745 amico
1046 708 1202 746 homini
1222 708 1309 754 tibi,
1331 710 1435 759 qued
1455 709 1560 756 uolo,
1583 710 1739 749 credere
1759 712 1965 750 cei-munst.
2078 714 2178 750 1155

413 759 541 798 Nihili
563 773 667 799 suni.

1070 815 1105 852 N
1110 828 1313 854 ICOBULUS.

708 867 820 907 Istuc
839 867 920 906 iam
940 868 1094 918 pridem
1116 870 1215 914 seim
1249 871 1315 908 sed
1335 870 1403 920 qui
1424 871 1543 909 nihili
1564 872 1630 918 sis,
1653 871 1692 909 id
1712 872 1902 911 memora.

1058 939 1330 978 PmLoxssNUs.

411 990 560 1031 Tactus
580 1004 670 1030 sum
690 991 950 1031 uehemenher
970 992 1094 1038 uisoo,
1117 1006 1183 1031 cor
1204 995 1367 1033 stimulo
1388 994 1551 1033 foditur.

1070 1062 1312 1102 NICOBULUS.

412 1113 486 1153 Pol
506 1114 580 1153 tibi
599 1115 729 1153 multo
750 1115 915 1164 aequius
936 1118 996 1154 esi)
1029 1147 1035 1154 .
1070 1146 1078 1154 .
1110 1115 1379 1157 cexeiidi'cem.

415 1167 493 1207 Sed
512 1168 609 1218 quid
628 1168 732 1208 istuc
753 1173 812 1207 esb
827 1171 845 1207 ‘?
875 1170 950 1207 ebsi'
970 1169 1051 1207 iam
1073 1183 1145 1219 ego
1161 1171 1244 1220 ipse
1277 1202 1284 1209 .
1319 1202 1327 1210 .
1357 1172 1452 1221 quid
1474 1173 1525 1210 sib
1545 1185 1665 1222 prope
1687 1172 1786 1211 seire
1806 1174 1902 1223 pute
1922 1185 2010 1219 me;

412 1222 566 1261 Uerum
586 1221 724 1261 audire
745 1223 868 1261 eiiam
889 1236 937 1262 ex
957 1224 996 1262 te
1018 1224 1171 1262 studeo.

1058 1294 1327 1333 PfflLoxssNos.

1164 1348 1296 1387 Uiden
1316 1349 1422 1388 hanc
1432 1351 1450 1387 ἰ)

1070 1418 1312 1458 NICOBULUS.

1432 1473 1572 1512 Uideo.

1055 1525 1328 1565 Pmnoxmns.

1529 1580 1649 1619 Haud
1669 1581 1815 1619 malasi]
1836 1581 1990 1619 mulier.
2078 1582 2180 1619 1160

1067 1633 1311 1672 NICOBULUS.

411 1685 485 1724 Pol
505 1686 600 1725 uero
621 1686 700 1725 ista
719 1686 828 1725 mala
849 1689 887 1725 ef,
908 1686 953 1725 bu
973 1686 1103 1724 nihili.

1055 1756 1326 1795 PHILOXENUS.

1136 1810 1240 1857 Quid
1260 1811 1422 1850 musta?
1452 1824 1524 1861 ego
1544 1824 1648 1850 amo.

1071 1880 1106 1918 N
1110 1894 1314 1919 IOOBULUS.

1672 1936 1735 1972 An
1756 1947 1868 1973 amas
1882 1937 1900 1973 ἱ)

1054 1987 1323 2026 PHILOXENUS.
2009 2022 2017 2035 ,

1922 2040 2009 2081 Ναὶ
2040 2042 2127 2095 γάρ.

1069 2098 1104 2135 N
1108 2112 1312 2137 ICOBULUS.

412 2151 539 2197 Tune,
561 2151 682 2190 hemo
701 2152 852 2201 putide,
869 2152 1025 2190 amaler
1044 2153 1144 2190 isiae
1164 2152 1251 2190 fieri
1271 2153 1400 2191 aebate
1421 2153 1542 2191 audes
1557 2155 1574 2190 ἰ)

1058 2222 1327 2259 PHILOXENUS.

1622 2276 1699 2322 Qui
1720 2289 1799 2314 non
1815 2279 1833 2314 ἱ)

284 2376 379 2408 1155.
403 2375 492 2407 ΝΙΟ.
509 2375 608 2407 BFZ.
653 2385 714 2407 om.
740 2376 831 2407 CDa.
879 2376 914 2407 P.
934 2376 998 2407 Db.
1044 2376 1167 2406 PHIL.
1185 2387 1244 2407 om.
1262 2376 1325 2408 Da.
1372 2377 1450 2407 uolo
1469 2387 1476 2408 z
1495 2377 1505 2409 Ι
1523 2387 1530 2408 :
1548 2376 1679 2408 credere
1696 2377 1732 2408 C.
1772 2378 1902 2408 eertum
1920 2378 1950 2408 st
1970 2376 2010 2407 B.
2049 2378 2178 2407 certum

196 2420 247 2450 est
271 2420 406 2459 reliqui.
462 2418 556 2450 1156.
580 2418 681 2450 nihili
706 2419 773 2450 CD.
820 2419 914 2450 Nihil
938 2420 977 2450 B.
1023 2419 1111 2450 NIC.
1136 2430 1195 2450 om.
1222 2419 1301 2450 CDa
1359 2420 1395 2450 P.
1412 2420 1475 2450 Db.
1527 2420 1584 2459 qui
1602 2420 1724 2460 Guyet.
1770 2420 1850 2459 quid
1869 2421 1960 2456 libri,
2006 2419 2105 2450 nihili
2130 2419 2176 2450 sis

195 2461 359 2501 Angelius
374 2462 415 2493 R.
461 2461 623 2511 nihilitsit
640 2462 678 2492 B.
725 2462 832 2494 nihile
849 2463 893 2493 sit
910 2462 979 2494 CD.
1025 2462 1112 2493 nihil
1130 2463 1176 2493 sis
1194 2463 1231 2493 Z.
1278 2472 1410 2494 merora
1435 2463 1470 2494 C.
1518 2464 1612 2496 1157.
1638 2473 1738 2494 name
1761 2463 1795 2494 of
1818 2462 1992 2494 character
2007 2473 2067 2494 om.
2086 2462 2176 2493 CDa.

198 2539 292 2570 1158.
314 2538 402 2571 ΝΙΟ.
417 2538 515 2570 BFZ.
550 2513 665 2595 e¹qulgst
679 2538 715 2569 C.
751 2513 904 2577 equiusest
920 2539 992 2570 BD
1028 2539 1146 2578 equius
1163 2541 1212 2570 est
1232 2539 1267 2569 Z.
1303 2548 1403 2571 name
1417 2540 1451 2571 of
1467 2539 1644 2571 character
1656 2550 1716 2571 om.
1731 2540 1821 2571 CDa.
1862 2540 1956 2571 1159.
1976 2538 2098 2571 etsiam
2112 2538 2175 2570 Da.

197 2630 263 2663 etsi
286 2630 356 2662 iam
378 2631 447 2663 BG.
503 2605 627 2662 etsiaim
643 2630 703 2662 Dc.
748 2631 847 2670 ipse.
873 2632 990 2663 dibri.
1038 2632 1132 2663 1160
1157 2631 1261 2663 etiam
1277 2642 1338 2663 om.
1356 2631 1392 2662 C.
1439 2632 1531 2663 ΡΗΙ.
1548 2632 1646 2663 BFZ.
1696 2632 1735 2664 B.
1753 2631 1816 2663 Db.
1854 2631 1941 2662 NIC.
1959 2631 1998 2662 B.
2034 2630 2071 2661 P.
2083 2629 2177 2662 DBb.

197 2689 316 2723 Video.
361 2690 465 2722 Haud
481 2690 573 2722 mala
589 2692 640 2721 est
656 2689 780 2721 mulier
795 2699 859 2722 one
876 2701 905 2722 v.
924 2691 992 2722 CD
1039 2691 1160 2722 PHIL.
1177 2691 1273 2722 BFZ.
1320 2701 1337 2722 e
1353 2691 1480 2722 muleer
1496 2691 1559 2723 Da.
1606 2691 1748 2723 muliere
1765 2691 1801 2722 C.
1849 2692 1942 2722 1161.
1968 2700 2046 2722 uero
2062 2700 2122 2721 om.
2140 2690 2177 2721 C.

198 2744 290 2776 uista
314 2744 352 2775 G.
419 2744 541 2775 PHIL.
569 2754 630 2775 om.
660 2744 740 2785 ΟΠΞ
797 2753 853 2773 ναι
884 2736 959 2788 «γάρ
990 2742 1121 2779 Herm„
1140 2741 1260 2775 Weise.
1328 2751 1428 2774 necat
1455 2742 1556 2773 BCD.
1623 2752 1722 2782 carpe
1746 2742 1809 2774 Bb.
1834 2753 1914 2783 mrq.
1983 2751 2083 2774 necas
2109 2741 2176 2773 FZ.

200 2793 295 2826 1162.
319 2793 408 2825 NIG.
425 2793 489 2825 Db.
534 2794 598 2826 tun
614 2792 714 2824 BCD.
759 2791 877 2833 putide
892 2791 993 2823 BCD.
1039 2791 1111 2823 fieri
1128 2793 1219 2823 etate
1235 2791 1277 2823 D.
1322 2791 1476 2824 serietate
1492 2792 1528 2825 C.
1574 2792 1696 2824 PHIL.
1714 2791 1777 2824 Db.
